2550 3898
848 470 1698 530 APoLoGET1cA·
1945 490 2031 550 37

410 579 528 624 non
567 553 688 632 est,
739 557 915 631 litera
950 581 997 620 s·
1037 555 1284 642 adparet
1323 602 1336 616 .
1388 558 1704 645 Qiicquid
1753 577 1959 628 autem
2007 560 2128 628 deLv

412 655 585 733 hujus
615 652 801 714 ,literae
839 646 1274 738 significatione
1313 646 1646 716 dixerimus
1686 699 1706 730 ,
1758 678 1849 719 res
1888 655 2130 724 ardua-.-

411 745 495 812 est
537 740 782 831 scopum
821 746 1121 832 attingere
1147 791 1162 806 .
1215 743 1687 830 Qamobrem,
1748 749 1914 835 quod
1953 753 2012 815 in
2032 773 2136 841 po·

410 840 628 905 strema
692 833 958 924 Epistola
1014 835 1092 901 ad
1154 839 1229 901 cl.
1294 840 1666 905 Paciaudum
1718 841 1859 907 data
1901 844 2134 911 eidibus

414 929 771 1000 Decembris
816 952 1326 998 Mocchvtn.
1379 936 1482 1015 (ι)
1513 980 1531 1009 ,
1584 933 1873 1002 videlicet
1901 936 1998 1003 die
2021 956 2135 1005 ter-

411 1027 495 1093 tia
540 1020 853 1114 postquam
892 1022 1156 1107 ejusdem
1203 1023 1681 1093 Observationes
1738 1029 1813 1094 ad
1855 1053 1962 1095 nos
2002 1054 2136 1122 per·

412 1124 546 1186 latae
589 1114 764 1194 sunt,
815 1140 883 1182 ea
924 1114 1258 1206 propositio
1297 1119 1634 1196 exciderit,
1683 1123 1979 1189 nimirum
2005 1170 2024 1200 ,
2066 1144 2138 1192 ut

409 1212 454 1279 fi
506 1213 833 1278 Alexandri
895 1211 1129 1275 nomini
1191 1210 1404 1276 eadem
1446 1215 1621 1277 litera
1660 1237 1710 1277 s.
1755 1220 2131 1306 jugaretur‚

409 1306 611 1374 statim
661 1303 991 1370 Alexandri
1030 1307 1237 1371 Severi
1281 1329 1505 1371 nomen
1548 1327 1896 1398 emergeret
1933 1357 1954 1388 ,
2024 1333 2136 1376 nos

409 1398 645 1487 lapsum
689 1398 1006 1463 emendare
1055 1397 1521 1476 constituimuS,
1572 1398 1636 1467 ὅ(
1684 1403 2134 1472 emendatum...

408 1490 522 1559 effe
565 1492 940 1557 decernimus
978 1518 998 1571 3
1069 1494 1129 1555 in
1173 1494 1274 1557 issa
1311 1496 1473 1559 enim
1516 1492 1782 1583 Epistola
1834 1544 1856 1573 ,
1917 1501 2134 1563 ceteris

413 1586 698 1651 omnibus
761 1588 819 1649 in
871 1583 976 1650 suo
1030 1585 1248 1649 robore
1286 1588 1778 1675 permanentibus
1815 1636 1837 1666 ,
1903 1589 1978 1654 de
2022 1594 2134 1657 hac

409 1682 583 1745 litera
631 1676 916 1767 singulari
952 1723 973 1754 ,
1019 1675 1258 1741 fortasse
1325 1703 1446 1743 non
1502 1679 1648 1744 bene
1706 1687 2135 1769 pronunciavi·

410 1796 556 1839 mus
592 1819 608 1836 .
661 1769 782 1836 Sed
830 1770 1164 1835 Alexandri
1204 1793 1423 1837 nomen
1465 1773 1872 1861 expendamus
1911 1824 1931 1853 ,
1982 1800 2132 1866 quo-

410 1865 604 1933 modo
649 1870 792 1929 cum
828 1861 1035 1929 aversa
1072 1882 1243 1953 parte
1295 1864 1678 1933 numismatis
1733 1870 1913 1936 liceat
1968 1894 2139 1938 com-

413 1983 678 2053 ponere.
1585 2012 1588 2013 ν

599 2060 861 2130 Revera,
884 2054 1015 2143 quis
1053 2077 1346 2145 umquam
1385 2053 1803 2125 adfirmaverit
1841 2083 1982 2126 cum
2009 2065 2140 2130 Hm:

411 2170 743 2238 vercampo
780 2145 843 2215 8(
868 2150 997 2214 aliis
1042 2146 1221 2238 supra
1261 2150 1585 2227 recenficiS‚
1607 2152 1681 2217 ad
1711 2156 2145 2224 Alexandrum!

412 2246 768 2332 Magnum,
819 2240 884 2309 &
926 2244 1004 2308 ad
1048 2243 1365 2311 Circenses
1423 2246 1600 2311 ludos
1643 2246 1943 2312 numisma
1989 2248 2137 2317 refe·

414 2336 673 2401 rendum
713 2330 825 2398 esse
853 2380 872 2409 ,
915 2342 1084 2415 cujus
1130 2339 1187 2398 in
1233 2337 1483 2401 adversa
1525 2358 1695 2424 parte
1739 2340 1971 2405 nonnisi
2001 2348 2136 2410 Mo-

414 2449 781 2520 nogramma
823 2425 1048 2493 Christi
1116 2431 1200 2494 ita
1254 2438 1327 2518 >R
1372 2428 1705 2518 expressum
1747 2430 1827 2496 est
1866 2449 1888 2498 ἓ
1956 2439 2139 2504 Dicet

414 2544 490 2588 ne
523 2522 736 2588 auctor
784 2518 1309 2589 Observationum
1372 2521 1434 2589 ὅ(
1477 2524 1594 2587 hoc
1635 2521 1933 2593 numisma
1984 2527 2139 2597 effe,

378 2619 786 2684 ‘Amuletnm
829 2631 850 2680 ?
914 2617 1101 2682 Dicet
1135 2617 1206 2682 ad
1239 2619 1564 2707 julianum
1615 2621 1967 2713 Augustum
2010 2650 2136 2714 per·

412 2714 652 2777 tinere?
702 2712 1034 2775 Neminem
1083 2710 1350 2776 vestrum
1397 2716 1741 2802 putaverim
1780 2719 1898 2780 haec
1923 2717 2141 2786 conflr-

413 2825 768 2872 maturum:
818 2808 1046 2870 etenim
1082 2806 1397 2882 Iulianum
1457 2804 1687 2871 bellum
1746 2809 2016 2877 indixiffe
2064 2816 2135 2879 li-

415 2917 557 2964 terae
595 2923 653 2964 x.
703 2899 813 2964 Chi
846 2948 866 2976 ,
905 2900 1143 2985 jamdiu
1184 2902 1530 2966 notavimus
1572 2905 1629 2964 in
1669 2908 2137 2976 Commentario

415 2991 492 3061 ad
534 2996 889 3062 Nummum
922 3019 1146 3062 aereum
1191 3015 1465 3064 veterum
1489 2995 1976 3066 Christianorum
2005 3005 2137 3087 (2),

1997 3115 2060 3155 ex

488 3205 548 3257 (ρ
564 3204 732 3248 Exeudit
748 3204 882 3248 Roma
900 3203 1067 3255 ,Ioannes
1085 3203 1251 3260 Zempe}
1263 3230 1277 3248 .
1385 3206 1454 3260 (ι)
1472 3207 1640 3264 Paxml.
1655 3212 1979 3270 Cap.11.pag.753
