2550 3898
511 474 599 555 ‘38
806 477 1689 538 DtssERTwao

412 586 498 631 ex
538 560 668 653 ipso
711 582 1112 625 ΜΙΣΟΠΩΓΩΝΕ
1150 560 1712 654 ejusderrijuliani.
1755 558 2139 639 Neminem.»

413 681 653 747 quoque
716 654 870 724 serio
915 659 1228 728 disturum
1291 659 1705 734 arbitramur,
1751 657 1866 720 hoc
1904 660 2134 722 Mono-

410 772 693 844 gramma
728 775 869 818 cum
909 777 982 819 eo
1015 801 1036 831 ,
1093 752 1260 842 quod
1302 754 1363 815 in
1408 753 1718 818 Ptolomaei
1765 746 2145 816 numismati-

408 846 523 912 bus
548 844 761 912 visitur
776 893 796 923 ,
813 847 1042 936 aliquid
1066 868 1400 911 commune
1425 847 1639 911 habere
1667 872 1685 924 ς
1730 847 1888 910 itaut
1931 867 2142 932 quem-

406 940 746 1006 admodum
770 942 1047 1005 nonnulli
1069 938 1479 1005 studentillud
1497 962 1966 1030 monogramma
1993 962 2141 1005 cum

413 1030 542 1124 ipso
568 1035 903 1100 Ptolomaeo
927 1042 1295 1126 conjungere
1317 1081 1336 1112 ,
1382 1032 1545 1121 quasi
1588 1036 1895 1123 epitheton
1924 1034 2012 1096 illi
2041 1033 2141 1098 ad-

409 1131 613 1192 ditum
642 1127 1052 1194 existimantes
1095 1138 1272 1217 (quae
1313 1130 1519 1217 opinio
1562 1127 1828 1194 nostram
1856 1127 2142 1193 emenda·

407 1224 638 1288 tionem
659 1224 940 1289 inutilem
969 1219 1334 1299 redderet,fi
1361 1222 1720 1312 probaretur
1745 1221 2018 1300 anobis),
2043 1222 2144 1287 vel

410 1313 652 1406 fignum
690 1319 1010 1383 monetarii
1048 1315 1168 1384 &a
1206 1315 1288 1381 fic
1323 1315 1624 1405 quispiam
1665 1333 1842 1405 putet
1867 1317 2138 1381 Alexan-

409 1411 526 1475 dro
552 1414 788 1502 Magno
829 1414 1034 1502 aliqua
1070 1414 1303 1477 ratione
1346 1409 1504 1500 posse
1547 1431 1890 1499 congruere
1938 1411 1998 1471 in
2037 1433 2142 1475 no·

408 1502 536 1568 stro
571 1503 938 1570 numismate
961 1553 979 1571 .
1031 1511 1220 1572 Error
1251 1506 1410 1568 enim
1438 1505 1722 1594 palmaris
1746 1501 1923 1581 effet3
1969 1505 2141 1593 quip-

408 1619 484 1686 pe
521 1597 583 1659 in
623 1598 732 1660 illo
761 1602 1082 1664 Ptolomaei
1121 1621 1378 1663 nummo
1404 1616 1611 1687 ‚parte
1642 1598 1840 1662 antica
1881 1596 2037 1660 illud
2071 1595 2144 1661 fi-

404 1709 604 1781 gnum
638 1694 917 1756 occurrit
951 1737 972 1767 ,
1021 1713 1140 1756 non
1176 1689 1412 1754 exstans
1446 1738 1466 1768 ,
1516 1688 1617 1753 sed
1658 1687 1924 1754 excisum
1955 1714 1970 1750 :
2021 1691 2138 1753 in.-

399 1782 612 1849 nostro
651 1805 823 1873 parte
859 1789 1049 1852 altera
1100 1783 1437 1874 expressum
1475 1782 1559 1848 est
1605 1831 1625 1860 ,
1695 1781 1760 1850 ὃς
1804 1780 2137 1851 eamdem..

398 1878 643 1966 implet,
664 1879 966 1967 aliquibus
997 1881 1243 1943 circulis
1282 1882 1623 1942 ornamenti
1650 1878 1845 1967 gratia
1868 1880 2141 1941 circum·

401 1971 616 2037 datum
638 2019 655 2037 .
709 1977 902 2038 Porro
938 1992 1410 2062 monogramma
1441 1973 1499 2032 in
1530 1993 1786 2034 nummo
1808 1971 2131 2034 Ptolomaei

398 2087 542 2129 eum
587 2064 768 2129 fitum
812 2083 1075 2154 occupat
1114 2111 1134 2141 ,
1201 2083 1270 2129 ut
1310 2061 1664 2154 respondeat
1703 2063 1949 2153 quidem
1996 2067 2134 2128 lite-

403 2180 485 2222 rae
519 2181 566 2221 s·
612 2179 803 2248 prope
846 2159 1220 2225 Alexandri>
1255 2156 1474 2222 faciem
1515 2154 1722 2223 excisae
1767 2205 1788 2234 ,
1855 2180 1975 2220 uon
2032 2182 2134 2223 au-

401 2269 525 2316 tem
566 2254 1090 2343 monogrammati
1128 2301 1149 2330 ,
1219 2254 1387 2342 quod
1431 2254 1488 2315 in
1525 2251 1775 2316 adversa
1817 2270 1982 2337 parte
2026 2275 2133 2316 nu-

398 2341 742 2424 mismati8‚
793 2369 863 2410 ut
901 2346 1218 2421 diximuS,
1270 2348 1550 2408 caelatum
1590 2343 1674 2408 est
1714 2392 1730 2407 .
1782 2345 2001 2431 Qum
2038 2367 2132 2409 er·

399 2458 484 2530 go
523 2438 879 2504 Alexandro
917 2443 1154 2530 Magno
1205 2437 1477 2503 nostrum
1536 2434 1844 2502 numisma
1906 2461 1977 2501 ex
2036 2463 2131 2503 ar·

396 2537 709 2622 gumentis
757 2534 972 2599 adlatis
1015 2535 1186 2599 nullo
1221 2533 1410 2598 modo
1437 2530 1618 2621 poffit
1654 2530 1963 2607 adtribui,
2016 2533 2127 2597 uti-

398 2650 518 2714 que
556 2628 912 2694 Alexandro
940 2634 1168 2695 Severo
1214 2626 1684 2713 adjudicandum
1728 2626 1841 2690 esse
1886 2646 2126 2690 conten-

401 2721 609 2788 dimus
655 2771 671 2787 .
726 2729 821 2788 De
857 2725 965 2788 illo
1014 2725 1334 2791 Ptolomaei
1379 2718 1741 2785 numismate
1785 2722 2023 2811 egimus
2064 2722 2124 2783 in

401 2817 519 2881 alia
557 2815 990 2883 Differtatione
1029 2816 1230 2884 nostra
1256 2862 1277 2892 ‚
1325 2840 1452 2903 quae
1488 2839 1603 2880 Deo
1638 2815 1859 2890 dante,
1910 2838 2124 2903 prope·

408 2909 573 2977 diem
611 2913 973 3004 vulgabitur
998 2961 1018 2990 ,
1069 2911 1132 2979 ὅ(
1158 2913 1311 2976 hunc
1356 2912 1608 2975 titulum
1639 2905 1918 2998 praeferet
1945 2955 1959 2971 .
2016 2908 2122 2973 ‘De

401 3023 646 3075 CHRlsn
685 3006 928 3072 Nomine
975 3007 1455 3096 Monogrammate
1499 3003 1743 3092 exprff
1781 3050 1802 3080 ,
1868 3002 2122 3067 Lucerna

384 3098 572 3185 fifltli
618 3123 873 3169 veterum
921 3102 1367 3169 Christianorum
1411 3148 1433 3179 ,
1480 3101 1710 3190 aliisque
1745 3098 1920 3189 fizcrae
1970 3103 2118 3198 asni·

1920 3206 2042 3266 qut·
