2550 3898
815 276 1580 315 PHILOLOGICA
2141 271 2177 320 -ς

238 349 399 396 neant
415 377 429 399 ,
455 334 766 393 &lubricas
790 336 1136 412 exitialesque
1171 338 1432 392 vitiorum
1457 333 1663 390 semitas
1687 334 1854 388 tutius
1876 331 2160 404 effugiant,

234 415 366 471 Ideo
388 418 445 470 in
466 414 726 470 Concilio
746 418 976 471 Nicaeno
999 413 1257 469 sancitum
1284 412 1461 483 (1).Ne
1483 413 1667 466 Fideles
1683 417 1918 484 imponant
1929 411 2164 480 filiissuz‘s

235 499 420 549 nomina
441 494 700 569 Gentilium
722 535 736 548 .
775 492 1049 547 Nonnulli
1072 531 1087 552 ,
1126 487 1187 545 ut
1221 504 1411 545 notum
1435 488 1506 543 est
1527 527 1542 548 ,
1578 485 1807 542 Ruffino
1831 506 1892 541 ac
1911 483 2164 539 Theodo-

234 584 357 625 reto
380 570 532 623 nimis
558 567 764 625 fortaffe
786 570 1110 623 adhaerentes
1138 606 1152 625 ‚
1187 585 1448 621 canonem
1470 564 1614 621 hunc
1654 565 1897 620 Patribus
1923 563 2163 616 Nicaenis

236 646 590 716 abjudicant;
636 645 720 701 sed
759 647 850 702 alii
868 646 1116 720 plerique
1135 645 1316 698 Patres
1352 644 1408 697 ὃς
1449 640 1702 697 Concilia
1734 641 1921 717 paullo
1941 637 2061 714 post
2080 638 2168 692 ha-

235 724 353 776 bita
374 761 389 782 ,
421 721 593 797 ipsum
613 726 751 778 inter
774 737 975 776 ceteras
1004 722 1241 776 Nicaenae
1265 720 1468 795 Synodi
1494 718 1790 774 sanctiones
1833 716 2027 791 absque
2053 715 2163 770 ulla

236 798 566 855 haesitatione
585 801 935 854 adnumerant
961 840 970 850 .

392 878 508 931 Hac
531 872 812 950 hypothesi
854 894 966 928 non
1010 891 1205 929 temere
1244 871 1556 948 proposita,
1596 896 1657 930 ac
1679 873 2002 930 constituta,
2051 868 2165 924 Pas-

244 951 402 1008 chasii
436 972 633 1008 nomen
675 972 798 1008 curn
843 949 1198 1026 adspiratione
1238 950 1465 1006 describi
1520 968 1801 1027 oporteret
1827 990 1840 1010 ,
1884 947 1967 1003 sed
2005 945 2165 1002 fidere

244 1029 599 1104 etymologiis
622 1031 901 1085 nominum
924 1068 938 1089 ,
961 1029 1462 1102 vocabulorumque
1482 1048 1656 1084 rerum
1678 1070 1692 1090 ‚
1725 1049 1804 1083 res
1831 1031 2033 1082 incerta
2052 1024 2122 1080 est
2147 1057 2164 1086 3

236 1108 294 1160 &
320 1107 626 1162 inconstans
647 1105 1048 1161 fundamentum
1073 1144 1088 1164 ,
1126 1108 1215 1159 cui
1237 1107 1398 1158 inniti
1421 1144 1433 1163 ‚
1475 1125 1586 1159 non
1618 1104 1736 1160 satis
1781 1120 1990 1159 tutum.
2036 1106 2163 1156 Cer-

233 1198 351 1238 tum
373 1199 550 1238 autem
572 1183 642 1238 est
661 1186 801 1239 idern
820 1179 1069 1237 Paschasii
1090 1201 1288 1235 nomen
1310 1218 1325 1239 ‚
1368 1182 1562 1234 &cum
1584 1181 1942 1255 adspiratione
1967 1217 1980 1237 ‚
2022 1181 2078 1232 &
2105 1176 2165 1231 si-

229 1280 298 1313 ne
321 1279 379 1314 ea
416 1263 637 1334 reperiri
672 1263 726 1315 in
746 1260 864 1314 aliis
905 1260 1250 1315 monimentis
1285 1271 1524 1312 veterum
1561 1257 2018 1315 Christianorum,
2064 1258 2162 1309 Pa-

230 1355 603 1411 ganorumque
641 1339 784 1413 apud
828 1337 1058 1392 editores
1096 1337 1447 1409 antiquorum
1468 1331 2117 1409 ,inscriptorumlapidum
2149 1375 2161 1388 .

232 1414 606 1487 Qiamobrem
659 1412 749 1469 etsi
784 1411 1041 1469 verissima
1077 1412 1287 1466 fortasse
1307 1409 1370 1465 fit
1409 1415 1735 1484 conjeecurae
1759 1409 2025 1488 expositio
2053 1450 2066 1471 ‚
2102 1413 2159 1466 ὃς

228 1490 499 1545 vetustatis
538 1491 802 1565 praeclaro
840 1487 1147 1545 testimonio
1185 1488 1477 1552 fulciatur;
1517 1489 1871 1546 nihilominus
1895 1509 2014 1544 vere
2037 1508 2164 1564 pro-

225 1568 452 1641 prieque
476 1568 625 1622 nulla
646 1572 786 1623 ratio
820 1568 1188 1643 etymologica
1224 1565 1543 1622 Paschasiani
1566 1571 1801 1623 nominis
1847 1565 2039 1621 adferri
2062 1586 2164 1640 po-

229 1642 353 1703 test,
390 1666 508 1720 quae
530 1645 841 1700 Christianis
865 1665 1012 1718 aeque
1031 1684 1046 1704 ,
1083 1664 1144 1698 ac
1166 1643 1476 1698 Gentilibus
1497 1643 1559 1699 sit
1577 1647 1881 1699 communis
1910 1687 1918 1697 .
1969 1647 2157 1716 Itaque

229 1740 286 1774 re
312 1718 471 1777 serius
495 1720 825 1777 considerata
848 1762 861 1782 ,
910 1740 1070 1794 aequo
1108 1722 1325 1774 Lectori
1364 1720 1569 1775 nostros
1610 1739 1836 1776 conatus
1864 1761 1876 1781 ,
1914 1722 2161 1794 quicum-

230 1817 337 1871 que
359 1796 461 1855 sint
482 1838 497 1860 ‚
535 1802 680 1855 circa
700 1819 812 1855 rem
831 1799 969 1853 hanc
991 1812 1135 1852 ratos
1159 1797 1351 1852 habere
1375 1797 1607 1853 liberum
1631 1798 1765 1852 est0.
1812 1801 1930 1852 Nos
1956 1799 2018 1851 de
2042 1814 2156 1869 ety-

227 1875 472 1950 mologia
524 1875 752 1948 ejusdem
803 1877 1037 1931 nominis
1088 1875 1397 1947 longiorem
1452 1874 1869 1951 disputationem
1928 1890 2104 1929 texere
2142 1913 2157 1933 ,

232 1949 611 2015 Grammaticis
654 1956 884 2009 omnino
921 1953 1278 2027 relinquimus
1313 1991 1328 2013 ,
1365 1952 1423 2004 ὃς
1468 1951 1747 2009 confestim
1787 1953 1851 2007 ad
1888 1952 1989 2007 alia
2028 1972 2158 2026 pro·

227 2031 537 2102 gredimur.

385 2111 541 2167 Vixit
574 2108 901 2172 Paschasius,
943 2126 1003 2167 ut
1023 2109 1178 2187 supra
1217 2126 1462 2168 notatum
1485 2110 1592 2173 est,
1630 2113 1780 2168 annis
1824 2110 1948 2181 plus
1986 2114 2159 2167 miuus

226 2186 429 2259 viginti
465 2188 676 2244 duobus
699 2229 714 2250 ,
760 2187 1008 2264 usurpata
1046 2193 1101 2245 in
1124 2189 1301 2265 lapide
1341 2191 1497 2246 litera
1520 2211 1571 2246 v.
1600 2210 1701 2266 pro
1722 2211 1758 2246 Ι.
1800 2182 1901 2248 ἔῖνε
1920 2192 2164 2266 prolite0

228 2280 287 2314 :ra
307 2283 361 2318 o:
396 2280 632 2341 utroque
673 2269 815 2321 enim
839 2268 1005 2322 modo
1026 2268 1133 2340 legi
1154 2269 1330 2342 potest
1353 2292 1366 2330 ;
1409 2271 1576 2323 Annis
1600 2288 1789 2344 nempe
1811 2271 2005 2342 viginti
2032 2270 2164 2323 duo·

227 2338 328 2392 bus
352 2379 366 2400 ,
409 2356 569 2417 atque
606 2345 767 2398 etiam
804 2341 836 2396 fi
861 2347 1023 2399 mavis
1047 2383 1060 2403 ‚
1105 2363 1271 2399 annos
1313 2348 1505 2418 viginti
1552 2347 1720 2400 duos.
1766 2349 1871 2401 Has
1893 2347 2161 2400 autemli-

230 2429 466 2473 terarum
509 2422 788 2474 varietates
826 2440 937 2476 non
975 2420 1345 2494 infrequenter
1384 2419 1589 2475 admifit
1633 2425 1927 2496 antiquitas
1971 2445 1985 2483 ;
2026 2421 2169 2477 satis-

230 2511 336 2565 que
353 2495 425 2548 est
472 2498 526 2550 in
567 2496 704 2553 hanc
732 2517 843 2552 rem
885 2499 1121 2555 indicare
1157 2497 1374 2553 Claudii
1401 2497 1660 2572 Dausquii
1686 2496 2037 2554 Tornacensis
2061 2503 2168 2553 Or-

231 2570 609 2648 thographiam
632 2583 715 2643 (2)
741 2615 754 2636 ,
782 2575 1006 2650 reliquis
1031 2572 1226 2630 omiffis
1254 2616 1266 2636 ,
1288 2578 1383 2651 qui
1412 2577 1475 2630 de
1497 2575 1636 2630 hisce
1658 2577 1813 2631 rebus
1841 2597 1906 2632 ex
1929 2576 2163 2652 profeffo

231 2651 565 2708 tractarunt.
610 2656 723 2727 Ego
744 2672 871 2708 vero
904 2651 1214 2709 sententiam
1236 2674 1403 2709 meam
1442 2654 1742 2729 proferam.
1793 2654 1967 2710 Valde
2006 2652 2166 2728 suspi-

232 2742 365 2785 cor,
407 2727 814 2806 lithographum
850 2729 1112 2806 inscripto
1135 2732 1301 2787 titulo
1324 2772 1335 2790 ,
1379 2731 1425 2787 se
1465 2736 1519 2787 in
1564 2732 1877 2788 delineanda
1911 2732 2070 2786 litera
2110 2752 2165 2786 v.

234 2801 302 2854 ab
348 2804 616 2864 idiomatis
648 2810 804 2864 latini
844 2807 1167 2884 praescriptis
1214 2811 1421 2885 legibus
1456 2810 1706 2865 aberrasse
1743 2811 2163 2865 animadverten-

2020 2904 2129 2942 tem
2145 2926 2163 2948 ,

285 2964 339 2997 (ι)
371 2968 505 2999 Canone
520 2980 596 3000 xxx.
1233 2969 1339 3002 riflum
1357 2991 1365 3005 ,
1397 2964 1588 3014 Canotpzph.
1610 2966 1724 3013 112sssz
1757 2968 1931 3000 Diss‘ertat.
1954 2978 1999 2999 xv.
2017 2972 2099 3010 Cap.
2115 2979 2165 2998 iv.

283 3019 336 3051 (zv
368 3018 519 3051 Tra-statu
540 3023 592 3052 11,
615 3024 761 3055 scaione
781 3023 859 3055 111.
890 3021 1033 3055 Consule
1062 3031 1148 3067 quc·
1232 3025 1260 3053 ὃς
1290 3021 1524 3066 Spanhemium
1549 3016 1591 3054 de
1618 3016 1819 3065 I'rassamiffi
1845 3015 2061 3063 Numifimsta
2096 3018 2178 3050 Dis«

231 3081 295 3116 que
336 3069 546 3106 deffissimum
589 3075 773 3110 Hernicum
816 3073 1029 3110 cardinalem
1076 3076 1145 3114 Noc
1230 3073 1407 3109 seruum>
