2550 3898
785 287 1538 332 ΡεῑῑῑοῑοοϊεΑ
2047 283 2117 346 69

339 342 573 399 'Illustre
613 345 682 403 est
707 350 1113 405 Bibliothecarii
1142 350 1501 405 testimonium
1545 347 1730 420 paullo
1759 363 1875 403 ante
1909 371 1936 405 3
1959 356 2117 410 nobis

220 421 505 475 recitatum
531 427 674 479 circa
694 444 1005 482 ornamenta
1026 468 1038 486 ,
1087 431 1282 501 quibus
1307 425 1508 479 sanctus
1532 424 1782 480 Pontifex
1804 429 1977 483 Sixtus
2009 451 2026 484 1
2051 436 2117 486 11.

219 499 538 573 Confeffionem
567 501 727 558 sancti
748 525 1042 560 LAVRENTH
1065 507 1316 580 Martyris
1341 503 1591 556 decorare
1613 506 1854 558 curavit:
1896 504 1996 558 ilio
2020 525 2126 562 ete-

223 580 337 631 nim
376 578 496 633 satis
520 580 660 634 clare
699 582 1091 636 demonstratur
1118 622 1130 640 ,
1170 582 1303 655 quid
1322 580 1435 633 haec
1468 579 1743 634 transenna
1776 578 1838 634 fit
1866 620 1878 639 ,
1921 583 1985 637 de
2020 605 2127 658 qua

227 652 646 731 ipseloquitur3
690 662 1033 731 eamdemque
1051 657 1147 712 effe
1171 698 1183 716 ‚
1226 677 1346 732 quae
1368 659 1421 709 in
1449 656 1623 711 nostra
1660 658 2133 732 plumbealamina

224 737 547 808 exprimitur
585 775 599 794 ‚
663 756 824 790 nemo
860 773 874 793 ‚
937 750 997 788 ut
1036 738 1355 806 conjicimus
1402 775 1415 795 ,
1453 731 1731 790 adfirmare
1768 736 2127 796 dubitaverit.

224 811 541 886 Exemplum
567 813 691 867 huic
732 810 894 866 fimile
916 833 980 868 ex
1005 817 1322 869 coemeterio
1343 812 1551 868 Callisti
1588 811 1672 868 seu
1694 815 1996 871 Praetextati
2016 818 2133 872 vul-

230 892 380 960 gavit
418 891 599 944 tabula
618 893 707 944 aeri
748 890 933 945 caelata
971 890 1145 945 clarus
1173 891 1452 947 Boldettus
1479 895 1588 960 (1),
1632 908 1842 965 reperta
1868 913 2054 967 magna
2072 915 2132 950 ac

224 984 524 1022 marmorea
566 966 842 1022 transenna
888 970 943 1022 in
983 969 1208 1023 aedicula
1244 969 1389 1026 illius
1427 972 1728 1025 coemeterii
1765 972 1829 1024 ad
1866 972 2135 1027 tumulum

220 1044 497 1115 quoddam
539 1084 550 1104 ,
613 1044 719 1099 hoc
766 1047 1233 1118 Monogrammate
1275 1051 1337 1115 ἐξ
1386 1062 1465 1101 ter
1501 1050 1736 1121 repetito
1780 1045 2088 1122 insignitum
2121 1093 2132 1104 .

230 1123 471 1176 Pronum
490 1123 614 1178 effet
632 1121 867 1196 profanae
895 1124 1213 1177 eruditionis
1253 1120 1479 1178 subsidio
1501 1124 1759 1179 illustrare
1797 1127 2138 1201 quampluri-

221 1216 370 1253 mum
417 1201 705 1256 transennae
725 1220 915 1255 vocem
952 1202 1017 1254 ab
1056 1203 1281 1275 optimis
1304 1203 1503 1256 Latinae
1541 1202 1737 1274 linguae
1774 1201 2132 1277 scriptoribus

224 1274 574 1332 diverfimode
603 1277 900 1352 usurpatam
925 1321 934 1330 .
982 1281 1183 1334 Verum
1208 1278 1459 1333 institutae
1488 1282 1563 1333 rei
1601 1281 1910 1333 tractationi
1932 1279 2131 1353 digres-

221 1349 296 1406 fio
316 1353 487 1412 isthaec
525 1355 889 1428 intempestiva
908 1357 1162 1410 &minus
1186 1357 1539 1410 accommoda
1558 1358 1773 1410 Lectori
1809 1358 1980 1411 videri
2016 1355 2141 1431 pos⁴=

218 1429 335 1492 [εἰς
377 1452 488 1486 eam
511 1433 634 1486 ideo
655 1431 853 1485 miflam
877 1431 1100 1486 facimus
1123 1472 1138 1492 ,
1180 1435 1237 1485 ὃς
1258 1432 1322 1485 ad
1344 1432 1448 1486 alia
1467 1436 1736 1507 pergimus
1763 1479 1773 1489 .

388 1509 553 1569 Vela,
598 1529 717 1584 quae
742 1512 1044 1563 ornamenti
1079 1512 1248 1584 gratia
1286 1511 1525 1584 pendent
1547 1512 1775 1586 crispata
1813 1512 1965 1586 super
2001 1529 2144 1568 tran-

221 1586 432 1640 sennam
457 1626 468 1643 ,
513 1607 623 1641 non
646 1588 786 1640 idem
810 1585 931 1639 sunt
950 1590 1101 1660 quod
1121 1602 1232 1640 erat
1252 1587 1386 1640 olim
1410 1590 1600 1641 Cortina
1629 1628 1642 1648 ,
1678 1586 1776 1642 sive
1808 1593 2102 1665 Velotloyrmn
2126 1630 2142 1650 ,

226 1684 289 1718 ac
331 1666 487 1718 etiam
512 1663 915 1737 Amphiihyrmn,
958 1666 1016 1717 <Sc
1050 1664 1216 1737 vulgo
1239 1703 1252 1721 ‚
1296 1663 1455 1724 Itali,
1502 1667 1721 1721 Portiera
1761 1668 1987 1721 dicimus
2012 1676 2139 1736 [2].

222 1746 367 1797 Nam
391 1739 693 1811 hujusmodi
730 1740 844 1794 vela
882 1759 947 1794 ex
985 1742 1099 1795 lino
1142 1742 1460 1815 plerumque
1499 1743 1816 1797 constabant
1839 1785 1851 1803 ,
1895 1743 1979 1797 sed
2007 1747 2149 1800 &ex

229 1817 402 1873 serico
429 1816 629 1874 fiebant
651 1859 662 1876 ‚
708 1834 871 1892 atque
897 1837 1028 1873 auro
1051 1835 1309 1874 contexta
1332 1858 1344 1877 ,
1387 1821 1445 1871 &
1467 1819 1587 1893 plus
1627 1820 1859 1875 minusve
1884 1820 2147 1876 sumtuosa

227 1917 290 1952 ac
315 1894 552 1971 pretiosa
587 1917 689 1971 pro
733 1899 1154 1970 opportunitate
1199 1897 1348 1953 loci,
1393 1899 1482 1949 cui
1511 1900 1682 1970 aptari
1719 1919 1777 1952 ea
1814 1902 2107 1973 oportebat
2130 1940 2141 1951 .

229 1978 359 2029 Sane
402 1974 725 2050 pretiosiora
747 1987 929 2030 erant,
978 1992 1097 2047 quae
1127 1993 1239 2026 non
1276 1972 1340 2024 ad
1360 1971 1523 2027 alium
1552 1979 1857 2050 quempiam
1886 1975 2029 2030 usum
2054 1996 2150 2050 pa-

229 2054 486 2107 rabantur
512 2093 524 2112 ,
570 2050 661 2106 nisi
685 2054 747 2107 ad
770 2064 1018 2105 ornatum
1042 2089 1054 2109 ,
1100 2050 1307 2105 cultum
1332 2090 1344 2109 ,
1387 2051 1444 2103 &
1464 2052 1710 2106 decorem
1751 2054 1974 2123 alicujus
1999 2052 2149 2107 sacrae

235 2133 382 2184 ‚FEdis
427 2138 518 2203 [3]
548 2171 561 2190 ,
605 2131 831 2184 arcubus
865 2168 880 2189 ,
923 2127 1286 2203 zophorisque
1322 2131 1784 2184 accommodanda
1826 2132 1888 2184 ad
1926 2131 2150 2184 modum

231 2210 451 2282 encarpi
483 2249 493 2267 ,
536 2210 687 2282 quod
728 2209 887 2263 etiam
927 2208 1152 2261 nuncin
1191 2203 1282 2261 usu
1303 2225 1526 2282 quoque
1548 2208 1619 2263 est
1658 2207 1794 2263 festis
1819 2210 2003 2264 diebus
2047 2205 2154 2260 sol-

235 2284 593 2344 lemnioribus
622 2327 631 2338 .

552 2406 911 2422 .......
956 2365 1222 2439 Quaefessis
1238 2364 1517 2437 fitspendam
1528 2370 1682 2438 pallia
1696 2374 1842 2440 portis
1864 2381 1883 2422 ?

232 2443 421 2515 :inquit
464 2443 785 2497 Prudentius
825 2452 918 2511 [4]
944 2487 954 2498 .
1000 2438 1082 2497 De
1110 2442 1249 2496 hisce
1277 2440 1407 2495 velis
1450 2444 1706 2498 videndus
1732 2448 1894 2499 etiam
1932 2443 2146 2499 sanctus

231 2519 508 2576 Paullinus
531 2520 777 2574 Nolanus
816 2520 1103 2596 Episcopus
1124 2518 1306 2573 Natali
1338 2522 1448 2573 111.
1471 2521 1535 2574 de
1577 2518 1754 2576 sancto
1784 2523 1955 2578 Felice
1980 2542 2084 2576 cm<
2104 2543 2120 2576 r
2139 2559 2158 2570 .-

232 2618 313 2652 s‘n
336 2600 573 2673 Martyre
602 2597 955 2655 celeberrimo
977 2599 1071 2674 [ς]
1093 2641 1102 2651 .
1148 2594 1399 2670 Exempla
1419 2597 1686 2653 vetustatis
1715 2600 1833 2654 heic
1854 2621 2154 2675 congeren-

280 2761 338 2796 (ι)
369 2755 551 2804 offer-aaz.
563 2755 660 2802 [ὀργῆ
677 2758 872 2793 iCimiteri
888 2757 1039 2806 de’santi
1053 2758 1154 2792 Mar·
1227 2757 1410 2802 purpureis
1428 2781 1436 2795 ,
1468 2758 1531 2805 qui
1549 2755 1705 2792 eburneis
1720 2756 1862 2791 arculis
1889 2758 2012 2803 infirti
2025 2764 2127 2790 erant
2141 2779 2152 2794 ,

230 2807 300 2844 :iri
316 2805 394 2850 &a
422 2809 496 2841 Lib.
517 2824 526 2842 1
539 2833 545 2840 .
558 2815 629 2854 Cap
663 2823 715 2844 ix.
733 2823 806 2855 pag.
830 2825 886 2850 ³5·
1236 2805 1279 2849 ὠ·
1294 2806 1461 2842 colu-amis
1476 2808 1931 2855 marnzorezsfitrct'ebamur
1954 2833 1964 2843 .

285 2867 341 2899 (2)
371 2860 430 2892 Adi
451 2859 612 2894 Hierolex
624 2873 707 2896 con.
719 2865 826 2896 Macri
844 2887 853 2900 ‚
868 2863 972 2896 verbo
989 2861 1103 2896 Velum
1119 2886 1126 2895 .
1288 2864 1341 2899 (4)
1371 2863 1412 2893 In
1429 2858 1667 2903 Symmachum
1685 2883 1695 2893 .

284 2919 340 2950 (3)
371 2907 486 2950 Esther
500 2916 581 2957 Cap·
601 2926 613 2948 1
649 2915 733 2948 Vers
751 2923 788 2949 6-
816 2918 861 2949 Et
883 2912 1078 2960 pendebant
1108 2923 1150 2949 ex
1285 2919 1336 2951 (5)
1368 2916 1418 2945 De
1446 2914 1561 2946 eodem
1592 2913 1695 2945 sanasti)
1712 2912 1866 2946 paullino
1897 2914 2102 2946 meminimus
2120 2914 2154 2945 ixl

229 2963 323 2997 omni
339 2969 438 3008 parte
453 2963 606 2998 tenttriz
622 2966 717 3001 aerii
734 2967 872 3004 coloris,
890 2963 935 3008 &a
950 2963 1123 3012 carbafini
1139 2989 1149 3003 ,
1232 2967 1379 3000 Historia
1395 2965 1508 2998 sant'toz
1520 2978 1570 2998 um
1584 2978 1619 2997 νι
1634 2975 1662 2996 i.
1681 2967 1926 2998 Dormientium
1958 2969 2030 3008 Cap
2066 2979 2096 2994 v·
2122 2967 2152 2996 δε

230 3014 276 3059 ῥα
291 3012 718 3065 hyacinmmijustenmm
732 3015 886 3064 funibus
899 3014 1031 3066 byffinis
1045 3025 1155 3067 atque
1234 3023 1318 3065 Cap.
1332 3031 1364 3052 x.
1377 3021 1407 3051 δε
1437 3018 1471 3049 in
1489 3016 1746 3052 Commentario
1773 3013 1822 3051 ad
1833 3018 2019 3053 Nummum
2036 3024 2155 3050 areum

2065 3074 2166 3103 Uete-
