2550 3898
378 299 448 351 34
922 291 1676 334 DISSERTATIQ

362 379 498 416 TIVM
522 392 540 422 2
578 357 663 414 sed
703 362 758 412 in
778 356 912 413 alios
927 358 1088 411 etiam
1109 349 1493 410 Christifideles
1520 351 1777 412 immani,
1820 363 1979 426 atque
2002 349 2299 411 inhumano

364 436 669 508 hujusmodi
691 437 986 492 Craticulae
1009 437 1195 509 ignitae
1230 436 1479 488 cruciatu
1521 428 1761 485 saevitum
1780 427 1958 485 fuisse.
2003 430 2138 486 Illos
2177 454 2301 490 neu·-

363 520 570 592 tiquam
593 513 940 569 recensendos
964 530 1210 587 putamus
1236 548 1254 574 -,
1293 532 1358 566 ne
1385 512 1666 565 Lectorem
1686 509 1853 582 magis
1877 508 2202 567 detineamus
2225 556 2236 567 .

514 592 714 646 Tribus
746 592 907 646 costis
942 590 1044 647 five
1082 592 1308 648 axiculis
1344 588 1689 663 longioribus
1717 626 1731 647 ,
1773 602 1974 641 cratem
2012 609 2120 661 qua
2143 611 2296 649 com.

362 670 539 727 bustus
582 669 686 722 fuit
722 668 928 723 sanctus
974 689 1324 724 LAVRENTIVS
1367 665 1620 724 constaffe
1661 662 1900 719 referunt
1940 667 2078 719 Acta
2112 689 2296 724 manu-

359 747 562 821 scripta
585 787 598 806 ‚
641 767 762 821 quae
784 747 1077 802 Gallonius
1100 748 1238 801 vidit
1263 753 1340 817 (ι)
1375 784 1390 800 .
1431 748 1622 820 Inquit
1659 760 1837 798 autem
1879 743 2020 797 idem
2056 747 2295 803 eruditus

357 828 442 879 ‘vir
459 865 472 886 ‚
496 830 712 899 exstitiff}
736 847 812 879 eas
833 825 1138 880 Craticulas
1162 826 1288 898 apud
1314 833 1533 898 antiquos
1556 864 1568 883 ,
1603 827 1662 887 ὠ
1690 830 1839 878 trium
1858 862 1871 880 ,
1917 823 2201 895 &plurium
2224 847 2298 881 co-

337 907 531 976 starum
556 908 633 972 (2)
659 947 669 958 .
714 903 809 956 Nil
830 923 960 976 ergo
984 905 1178 957 mirum
1219 900 1254 956 s1
1301 920 1538 977 quatuor
1573 901 1729 956 costis
1770 899 2083 974 exprefferit
2111 904 2299 957 Grati-

355 982 533 1037 culam
554 979 746 1035 artifex
768 982 822 1033 in
845 980 1019 1034 nostra
1040 1001 1253 1054 gemma
1280 1024 1290 1035 .
1338 983 1528 1034 Forma
1554 981 1752 1034 etenim
1775 980 1968 1047 majori
1991 976 2203 1034 effinxit
2231 981 2299 1035 il,

357 1060 465 1114 lam
495 1098 508 1117 ‚
549 1060 633 1113 vel
668 1057 879 1113 fortaffe
898 1075 1042 1114 crate
1066 1101 1077 1117 ‚
1122 1059 1379 1132 lectoque
1418 1056 1591 1113 ferreo
1628 1058 1888 1132 probatus
1916 1054 2020 1111 fuit
2046 1075 2301 1114 LAvREN-

362 1157 482 1192 rlvs
506 1179 517 1197 ‚
558 1158 726 1213 quum
765 1137 929 1191 nullis
955 1135 1250 1192 transversis
1277 1136 1505 1192 axiculis
1545 1133 1844 1191 consertam
1871 1136 2109 1190 eamdem
2133 1136 2296 1211 inspi-

356 1218 556 1272 ciamus
582 1259 593 1270 .
639 1216 1105 1290 (Quandoquidem
1129 1236 1194 1272 ex
1215 1218 1435 1291 Hymno
1465 1215 1745 1270 Prudentii
1765 1252 1779 1274 ,
1825 1212 2139 1288 Tyrannum
2183 1215 2296 1272 haec

350 1294 633 1368 protuliffe
653 1296 915 1350 docemur
933 1300 1009 1368 (3)
1035 1339 1048 1351 .

1012 1375 1250 1431 Decumbe
1272 1379 1407 1449 digno
1425 1378 1587 1430 leflztlo
1615 1417 1626 1429 .

348 1450 633 1507 Lectulum
672 1470 801 1505 vero
839 1471 941 1526 pro
969 1454 1281 1519 Craticula,
1330 1455 1548 1527 poetica
1591 1451 1814 1506 licentia
1840 1490 1853 1510 ‚
1898 1468 2060 1529 atque
2105 1454 2298 1510 instru-

351 1527 894 1584 mentifimilitudine
914 1528 1156 1604 usurpari
1178 1531 1322 1604 poffe
1362 1533 1628 1584 neminem
1656 1527 1829 1601 fugit;
1877 1552 1985 1604 qua
2032 1533 2257 1587 licentia
2280 1571 2297 1593 ,

350 1603 653 1661 necessitate
673 1607 924 1659 carminis
954 1606 1067 1659 haec
1101 1610 1174 1660 ita
1195 1606 1446 1680 scripfiffe
1471 1607 1825 1660 Prudentium
1847 1613 2012 1681 magis
2036 1610 2297 1665 credibile

348 1683 446 1738 effe
467 1684 625 1737 nobis
661 1683 877 1737 videtur
899 1724 909 1734 .
954 1685 1053 1737 Sed
1094 1681 1185 1738 etsi
1226 1684 1321 1737 alii
1346 1703 1569 1759 quoque
1610 1701 1832 1737 CHRJSTr
1853 1687 2120 1760 Martyres
2144 1705 2300 1741 utro-

345 1781 453 1835 que
469 1759 681 1816 summae
704 1762 994 1834 impietatis
1017 1759 1329 1832 hujusmodi
1353 1777 1614 1837 apparatu
1639 1802 1652 1820 ,
1677 1761 1735 1812 &
1758 1763 2095 1818 crudelitatis
2119 1767 2300 1822 inven-

346 1854 410 1893 to
433 1837 829 1898 affatifuerint3
875 1854 1050 1895 tamen
1096 1838 1606 1896 sanctiravnfinrtt
1641 1841 1970 1914 Martyrium
2007 1845 2145 1897 adeo
2190 1864 2297 1917 prae

346 1918 538 1973 ceteris
562 1913 764 1990 insigne
786 1916 990 1972 exstitit
1012 1958 1024 1977 ,
1072 1933 1133 1971 ut
1154 1923 1307 1972 omni
1332 1939 1448 1975 aevo
1498 1918 1883 1973 celeberrimus
1907 1923 2069 1976 fuerit
2088 1920 2300 1977 sanctis-

345 1992 501 2049 fimus
522 2013 634 2049 rrsv
661 2013 886 2049 CHRISTI
918 1995 1169 2050 Athleta:
1213 2000 1363 2068 cujus
1412 2000 1467 2049 in
1489 1997 1691 2069 primis
1740 1999 2101 2054 meminerunt
2145 2019 2297 2057 vetu-

345 2069 556 2127 stiffima
576 2072 936 2131 Kalendaria,‘
970 2074 1370 2149 Martyrologia
1392 2112 1404 2131 ,
1448 2073 1679 2128 Polemii
1727 2074 2019 2131 laterculus
2048 2100 2062 2139 ;
2106 2079 2163 2131 ὃς
2206 2084 2296 2136 In-

347 2148 564 2203 diculus
587 2150 680 2204 ille
716 2148 987 2206 sacrorum
1012 2152 1280 2207 Oleorum
1301 2194 1314 2212 ,
1358 2173 1478 2226 quae
1504 2149 1847 2206 sanctisiimus
1871 2154 2130 2211 Pontifex
2156 2160 2297 2213 Gre-

352 2227 544 2300 gorius
568 2229 796 2301 Magnus
848 2229 911 2281 ad
935 2227 1367 2285 Theodelindam
1388 2229 1875 2302 Langobardorum
1904 2234 2170 2304 Reginam
2194 2238 2296 2290 mi-

352 2302 416 2358 fit
441 2343 453 2357 .
499 2305 811 2358 Indiculum
857 2305 1036 2363 hunc,
1080 2305 1114 2358 fi
1166 2308 1296 2363 velis
1336 2351 1351 2370 ,
1387 2308 1508 2363 vide
1542 2307 1684 2380 apud
1725 2308 2122 2366 Mabillonium
2174 2316 2292 2386 (4),

348 2382 704 2438 Ruinartium
731 2387 806 2450 (ς)
838 2421 852 2441 ,
895 2384 953 2436 &
977 2385 1339 2442 Muratorium
1366 2395 1444 2453 (6)
1469 2429 1480 2439 .

508 2462 786 2532 Subjcctus
830 2461 968 2533 ignis
992 2501 1005 2520 ,
1049 2476 1110 2514 ut
1128 2459 1279 2518 fieret
1296 2462 1547 2540 supplicii
1592 2485 1744 2540 paena
1771 2469 2131 2541 productior,
2177 2491 2291 2528 non

349 2535 623 2595 flammans
646 2539 971 2613 exprimitur
993 2541 1048 2594 in
1064 2560 1304 2614 gemma,
1344 2560 1438 2599 aut
1475 2541 1747 2599 ardescens
1774 2585 1788 2607 ‚
1830 2543 1915 2600 sed
1936 2549 2125 2622 prunis
2153 2550 2295 2621 igni-

2221 2643 2292 2684 tls

403 2755 461 2790 (ι)
491 2750 634 2784 Consule
654 2757 743 2798 Opus
758 2748 798 2784 de
815 2752 1015 2794 Martyrum
1029 2750 1250 2790 cruciatibus
1264 2764 1282 2789 a
1363 2753 1429 2803 qui
1444 2751 1628 2789 extendens
1656 2763 1781 2789 manus
1813 2753 1878 2797 &c
1881 2777 1994 2789 .....
2013 2757 2114 2790 Tunc
2129 2754 2292 2792 Hadria-

352 2802 452 2837 nobis
469 2814 534 2834 non
554 2802 654 2836 semel
671 2804 840 2837 laudatum
857 2823 870 2837 ο
1363 2802 1539 2854 nusjuffit
1556 2807 1778 2840 Cratzcutam
1790 2806 1860 2840 oleo
1869 2806 2072 2853 perunc‘i‘am
2090 2806 2289 2856 adferri&

404 2861 458 2894 (2)
491 2850 620 2887 Ibidvm
636 2860 718 2901 Cap.
742 2867 800 2888 νιι
812 2879 820 2887 .
839 2867 904 2902 pag
940 2870 951 2890 1
963 2869 1024 2899 44.
1364 2857 1631 2904 ignemsupponi
1641 2858 1797 2904 pracepit
1813 2855 1891 2900 &a
2173 2848 2215 2897 K

401 2912 456 2948 (3)
485 2906 633 2950 stropha
651 2910 709 2946 89.
729 2910 765 2939 In
782 2909 872 2941 Aitis
902 2909 976 2943 mss.
997 2911 1092 2944 sanffi
1111 2908 1275 2943 Eleuthe-
1406 2913 1463 2950 (4)
1495 2910 1567 2941 Iter
1584 2907 1751 2943 Itacicum
1762 2906 1841 2951 &a
1857 2923 1946 2944 num.
1969 2913 2030 2945 28.

352 2958 484 3002 tii‚quae
501 2959 676 2992 Gallonius
694 2958 804 2994 adfert
817 2961 1276 3007 pag.145.legitur,Ha<l1-ia·
1410 2967 1462 3003 (5)
1492 2961 1582 2994 Edit.
1598 2965 1722 2994 Veron.
1738 2964 1771 2993 in
1785 2961 1845 2995 fol.
1861 2976 2070 2997 MDcchX1.
2088 2976 2167 3010 pag.
2188 2977 2279 3010 543.

349 3020 424 3040 num
439 3011 623 3042 excruciari
637 3010 746 3052 juffiss'e
762 3013 992 3047 Eleutherium
1011 3014 1202 3059 Episcopum
1219 3012 1269 3045 su·
1349 3012 1442 3049 Aczz
1459 3006 1806 3061 Martyrumfincem
1823 3014 1899 3056 &a

352 3071 410 3102 per
431 3062 515 3092 ledo
532 3072 615 3094 aereo
629 3084 639 3097 ,
671 3059 715 3103 (θ’
731 3071 807 3096 cum
828 3062 993 3113 tranfiffet
1010 3062 1122 3101 hora,
1152 3061 1269 3108 extstt'·
1404 3069 1457 3105 (6)
1487 3062 1660 3098 Anecclot.
1691 3062 1866 3101 Biblioth·
1891 3063 2122 3117 Ambrofiana
2140 3091 2150 3104 .
2177 3073 2283 3106 Teme

351 3120 452 3144 anans
469 3113 658 3158 Imperator
673 3122 748 3149 eum
760 3120 936 3152 mortuum
954 3138 967 3156 2
989 3114 1092 3164 solvi
1113 3114 1269 3164 pracepit
1358 3120 1412 3153 ¹1·
1427 3127 1504 3165 Ρῑὶὲἑς
1527 3128 1539 3152 1
1551 3129 1569 3161 9
1582 3126 1612 3165 ¹!
1644 3120 1673 3151 ἃ
1689 3130 1724 3165 P·
1744 3128 1829 3167 ¹922
