2550 3898
544 450 632 515 *14
1054 432 1105 491 E
1153 451 1185 491 P
1231 452 1252 492 1
1301 451 1327 490 s
1376 450 1415 490 ‘r
1462 451 1505 494 o
1552 450 1589 490 L
1634 448 1728 489 Ar.

548 525 637 586 nis
659 518 1136 606 Imperatoribus
1159 566 1178 596 ,
1202 521 1400 610 potius
1425 543 1599 608 quam
1623 523 1852 585 Severo
1893 518 2076 582 tribui
2107 544 2240 587 um-

548 635 725 701 quam
746 612 1001 677 debeant
1023 660 1039 677 .
1064 618 1326 690 Verum,
1347 632 1412 678 ut
1435 615 1580 679 illuc
1595 635 1715 702 quo
1732 610 2058 686 tendimus,
2075 616 2240 693 testo

547 708 787 771 tramite
809 754 830 783 ,
880 708 981 793 qui
1003 705 1251 770 brevior
1274 706 1354 770 est
1376 710 1585 771 ceteris
1608 714 1711 785 (1)
1736 752 1756 782 ‚
1801 705 2240 795 pertingamus,

547 821 617 865 ea
664 824 791 887 quae
828 798 1281 864 lucubravimus
1333 800 1461 862 heic
1497 818 1765 889 repetere
1808 801 2055 862 minime
2097 820 2236 890 gra-

549 915 808 969 vemur,
856 889 992 979 ipfis
1046 889 1515 956 numismatibus
1569 892 1770 958 denuo
1810 893 2061 983 prolatis
2101 940 2120 968 ,
2171 894 2241 956 ti·

547 984 725 1072 bique
757 983 1073 1059 exhibitis,
1121 982 1340 1049 additis
1366 1004 1650 1075 praeterea
1679 986 1812 1049 aliis
1843 986 2237 1071 argumenti&

550 1078 766 1165 quibus
808 1103 841 1141 a
873 1075 1311 1166 nobismetipsis
1363 1076 1681 1166 propofitae
1748 1076 1955 1142 nostrae
2009 1079 2239 1152 menti,

556 1171 844 1260 temporis
903 1165 1148 1233 fallendi
1191 1170 1389 1262 gratia
1426 1217 1448 1248 ‚
1491 1167 1702 1262 aliquae
1741 1170 2105 1257 objecftiones
2154 1170 2245 1235 di·

557 1265 848 1333 luuntur..

739 1356 1100 1448 Scripsimus
1135 1377 1282 1450 ergo
1310 1353 1580 1422 exstitisse
1600 1358 1750 1421 olim
1772 1359 1830 1420 in
1846 1353 2067 1422 Museo
2095 1354 2246 1419 clari

550 1454 691 1520 Viri
726 1455 927 1519 Marci
972 1456 1234 1518 Antonii
1277 1450 1612 1517 Sabbatinii
1653 1452 1981 1538 antiquarii
2022 1451 2081 1511 in
2123 1449 2248 1517 Ur-

548 1544 620 1610 be
662 1543 1044 1613 laudatiffimi
1073 1568 1295 1616 aereum
1339 1540 1641 1610 numisma
1691 1542 2023 1608 Alexandri
2068 1545 2248 1606 Seve-

551 1639 601 1701 ri
639 1644 786 1721 (2),
836 1643 1004 1719 cujus
1029 1640 1357 1726 imaginem
1393 1635 1472 1699 ad
1502 1632 1763 1703 formam
1803 1631 2024 1698 vetusti
2051 1655 2250 1695 exem·

548 1730 733 1820 piaris
763 1731 863 1792 aeri
887 1726 1174 1802 incisam3
1232 1729 1393 1790 tenui
1428 1728 1680 1817 pagellae
1715 1724 2031 1815 segmento
2055 1770 2075 1799 ‚
2124 1720 2247 1788 fine

551 1823 675 1887 ulla
724 1840 928 1890 tamen
963 1814 1361 1886 illustratione
1400 1815 1523 1908 ipse
1569 1819 1897 1909 vulgavit,
1945 1814 2020 1881 ab
2063 1838 2249 1903 eaque

550 1937 658 1979 nos
683 1916 952 1980 caelatam
988 1909 1365 1978 exaetissime
1404 1913 1627 1973 iterum
1658 1913 1717 1971 in
1738 1910 1946 1973 eadem
1981 1907 2251 1972 disserta-

552 2009 716 2072 tione
755 2006 1164 2094 produximus
1206 2049 1225 2075 ‚
1275 2000 1340 2067 <St
1380 2003 1588 2090 paullo
1627 2000 1760 2089 post
1802 2023 1914 2089 pro
1955 2018 2255 2089 opportu-

557 2100 743 2162 nitate
784 2093 986 2162 rursus
1023 2095 1372 2160 exhibemus
1396 2141 1415 2161 .
2106 2125 2111 2127 Α

740 2194 833 2255 Ex
873 2213 990 2254 una
1009 2208 1179 2277 parte
1198 2205 1381 2278 caput
1409 2187 1810 2277 Imperatoris
1866 2185 2117 2273 adparet
2139 2187 2258 2247 leo-

561 2283 699 2346 nina
734 2285 887 2371 pelle
916 2281 1200 2347 vestitum
1226 2328 1247 2357 ‚
1299 2283 1382 2343 ita
1413 2296 1481 2343 ut
1504 2277 1628 2343 sola
1655 2277 1834 2343 facies
1865 2278 2108 2364 oblique
2134 2272 2259 2340 for-

559 2391 728 2438 mata
756 2374 1040 2438 videatur
1068 2421 1087 2448 ,
1136 2370 1480 2453 cujusmodi
1517 2391 1755 2456 quoque
1792 2367 2010 2433 vifitur
2042 2371 2103 2431 in
2125 2370 2258 2432 aliis

561 2463 1028 2531 numismatibus
1048 2471 1172 2551 jam
1198 2463 1372 2527 editis
1397 2509 1413 2527 .
1450 2463 1709 2526 Circum
1734 2463 1956 2552 legitur
1977 2482 2261 2524 Maxu--

562 2582 667 2647 pm
711 2557 937 2642 adjee‘ta
962 2556 1094 2648 post
1123 2580 1171 2621 X
1195 2604 1210 2621 .
1249 2558 1447 2622 littera
1482 2578 1509 2618 s
1535 2602 1550 2621 .
1601 2551 1665 2621 ὅ(
1705 2552 1963 2620 secunda
1983 2557 2159 2619 litera
2181 2573 2257 2630 A,

2117 2655 2259 2700 tam·

612 2833 673 2883 [1]
705 2835 751 2873 In
769 2833 1051 2873 Mathematicis
1068 2832 1273 2884 disciplinis
1288 2843 1373 2870 ante
1480 2829 1640 2882 (amoc
1660 2830 1844 2871 numisma
1859 2830 1986 2871 multis
2002 2828 2134 2870 solutis
2149 2842 2257 2869 num-

561 2897 675 2935 quam
696 2889 928 2927 Problemata
948 2886 1136 2926 tractanda
1155 2887 1375 2927 sumantur,
1430 2883 1498 2921 mis
1522 2884 1670 2923 scutatis
1685 2909 1699 2927 ‚
1738 2887 1773 2923 ὃς
1795 2885 1991 2935 piusquam
2011 2884 2120 2923 facile
2154 2883 2256 2922 credi

557 2937 806 2985 Definitiones
824 2964 838 2982 ,
865 2941 1059 2978 Possulata
1077 2963 1093 2982 ,
1118 2949 1233 2988 atque
1252 2938 1374 2978 Axion*
1430 2935 1542 2988 possit
1559 2962 1574 2979 ,
1603 2938 1699 2976 emit
1718 2937 1847 2978 Abbas
1861 2939 1892 2977 le
1913 2938 2031 2976 Blond
2066 2937 2173 2977 annis
2190 2934 2261 2974 su-

558 2999 663 3027 mata
678 2991 723 3027 ad
739 2993 963 3031 erudiendos
982 3005 1137 3044 tyrones
1155 3005 1373 3043 proponun·
1429 2989 1635 3041 petionibus
1663 3006 1676 3036 ς
1705 2994 1740 3028 δι
1772 2991 2056 3042 quamplutibus
2093 2988 2255 3030 co'e'mtis
2299 3034 2303 3036 ‚

560 3053 620 3080 tut
636 3070 646 3080 .
686 3044 803 3081 Restm
842 3053 969 3083 autem
1002 3047 1097 3084 linea
1135 3045 1309 3083 definitur
1334 3045 1381 3082 sie
1436 3042 1517 3081 aliis
1532 3044 1698 3095 antiquis
1715 3044 2019 3086 numismatibus,
2035 3043 2156 3082 aureis
2177 3055 2261 3082 ma-

567 3095 614 3132 ab
647 3095 900 3134 Archimede:
929 3097 1032 3135 tinea
1058 3097 1155 3135 reHa
1182 3099 1238 3135 est
1269 3096 1378 3134 mini·
1436 3096 1538 3135 xime
1585 3108 1701 3147 atque
1739 3097 1923 3147 argenteis
1948 3122 1962 3138 ‚
1996 3094 2184 3149 potiffime
2211 3107 2258 3132 ex

563 3147 825 3205 macinarum
856 3147 993 3199 eosdem
1029 3152 1205 3190 terminos
1235 3152 1374 3193 habens
1444 3150 1575 3188 eodem
1609 3150 1740 3188 Muffio
1770 3150 1993 3190 Sabbatinio
2017 3176 2031 3194 ,
2061 3150 2190 3188 secum
2219 3147 2257 3185 in

567 3206 661 3238 etum
689 3223 702 3237 .
1447 3202 1592 3241 Gallias
1612 3200 1770 3242 adduxit
1792 3230 1802 3242 .
