2550 3898
765 292 818 351 Α
873 292 926 350 u
975 294 1018 346 c
1061 285 1110 346 ’r
1166 276 1221 346 'o
1265 286 1322 343 R
1370 286 1399 341 1
1447 282 1477 339 s
2002 286 2102 343 ΙΙΙ

182 399 327 448 tum
352 380 422 457 {R
456 395 477 455 ς
528 379 777 460 adjesto
817 383 1128 445 lemmate
1159 377 1232 443 ab
1259 372 1546 457 ejusdem
1583 367 1783 436 saneti
1808 371 2105 438 Matthaei

180 474 539 560 Euangelio
584 470 880 539 desumto
928 476 1078 548 (1)
1128 517 1142 531 .
1216 478 1406 526 PLUS
1454 508 1465 520 .
1513 474 1784 530 QJAM.
1826 474 2118 522 JONAS:

184 576 330 621 HIC
365 610 378 624 .
432 563 604 628 Illud
653 582 870 628 autem
916 562 982 623 in
1025 558 1140 621 hac
1195 552 1408 619 nostra
1455 572 1716 638 gemma
1744 593 1764 621 ,
1812 572 1947 637 quae
1975 566 2115 616 tota

186 648 577 718 subobscura
605 650 726 722 est,
762 653 826 715 ὃ(
854 669 1073 713 tamen
1103 644 1401 710 nonnihil
1430 639 1828 705 translucida
1850 682 1869 709 ,
1918 657 2104 703 nota-

183 758 252 802 tu
301 738 574 827 dignum
622 735 956 807 censemus
993 779 1012 806 ³
1062 733 1232 823 quod
1279 736 1451 799 circa
1502 729 1876 795 caelaturam
1903 730 2112 794 circu-

179 829 274 892 lus
316 834 617 896 caeruleus
650 826 1046 916 superexstat
1077 869 1097 897 ‚
1150 848 1319 912 aquae
1346 824 1609 888 marinae
1657 820 1947 884 colorem
1998 842 2109 882 ex-

182 920 466 1003 primens
497 964 517 992 ‚
566 944 688 1008 quo
736 916 882 984 usus
911 914 997 982 est
1046 912 1281 981 artifex
1326 928 1689 1002 opportune
1720 951 1739 978 ‚
1788 904 1961 995 quasi
1984 908 2111 971 Ce-

187 1024 327 1069 tum
363 1010 428 1071 in
456 1013 622 1075 mari
648 1027 982 1075 natantem
1032 1003 1360 1070 effinxerit
1386 1053 1399 1065 .
1439 1006 1727 1066 Gemma
1775 996 1953 1080 Onyx
1975 993 2065 1062 est
2089 1011 2118 1069 ,⁷

180 1119 312 1182 quae
341 1096 416 1162 ab
447 1102 823 1190 antiquariis
869 1099 1071 1184 vulgo
1101 1093 1341 1158 dicitur
1365 1088 1607 1156 Niccolo
1637 1136 1652 1150 .

357 1190 673 1255 Ceterum
724 1194 791 1256 in
829 1210 905 1252 eo
957 1188 1052 1251 rei
1080 1181 1263 1272 gestae
1313 1179 1662 1266 exemplo,
1711 1174 2119 1263 quadruplex

173 1275 556 1364 prodigium
586 1306 618 1344 a
668 1295 829 1342 DEO
873 1295 1204 1364 patratum
1261 1267 1616 1362 agnoscunt
1643 1264 1805 1330 sacri
1857 1262 2121 1350 Expofi-

175 1383 350 1430 tores
388 1416 400 1428 .
455 1368 650 1458 Qod
692 1369 945 1435 scilicet
989 1390 1138 1432 cum
1191 1368 1331 1429 aliis
1384 1359 1543 1426 cibis
1577 1401 1596 1428 9
1657 1353 1881 1444 qUibUS
1939 1349 2121 1418 Vesci

174 1457 380 1520 Cetus
430 1455 858 1525 consueverat
910 1500 931 1528 ,
999 1458 1317 1522 contritus
1372 1454 1438 1517 ὃς
1487 1444 1814 1518 absumtus
1867 1456 2124 1505 JONAS

176 1567 303 1610 non
330 1541 529 1610 fuerit
561 1598 574 1611 .
627 1548 824 1637 Quod
849 1565 1020 1613 totus
1065 1542 1397 1634 absorptus
1428 1553 1872 1625 temperatum
1899 1532 2120 1601 aerem

177 1635 247 1695 in
273 1653 506 1701 ventre
533 1641 686 1701 Ceti
732 1635 1052 1723 respirare
1080 1637 1375 1719 potuerit
1408 1680 1421 1693 .
1473 1624 1670 1717 Qod
1720 1621 1950 1686 nidore
1978 1664 1998 1692 2
2046 1648 2120 1686 ac

173 1718 398 1788 faetore
449 1728 850 1791 exanimatus
880 1748 1007 1790 non
1034 1721 1108 1790 fit
1141 1772 1154 1784 .
1208 1719 1406 1811 Qod
1446 1734 1666 1783 mente
1719 1734 1893 1799 aeque
1922 1736 1990 1774 ac
2018 1713 2120 1775 vi·-

179 1812 353 1878 ribus
383 1811 564 1879 sanus
607 1816 755 1880 inde
786 1811 1042 1881 emissus
1091 1812 1377 1878 evaserit
1407 1857 1420 1870 .
1474 1804 1737 1869 Sanetus
1789 1803 2121 1888 Hierony·-

174 1926 316 1967 mUS
339 1911 468 1983 (2),
494 1907 890 1992 Prophetam
912 1905 1262 1989 aequiparat
1290 1897 1495 1962 tribus
1521 1894 1731 1982 pueris
1764 1892 1828 1953 in
1857 1884 2125 1955 fornace

171 1994 340 2080 ignis
376 1994 658 2058 ardentis
691 1990 953 2059 occlufis
983 2017 1001 2068 3
1054 2005 1388 2077 comparat
1416 1987 1619 2051 etiam
1668 1975 2024 2044 infantibus
2056 1983 2124 2042 in

173 2103 361 2148 utero
389 2088 615 2150 matris
645 2086 896 2150 tamdiu
943 2079 1335 2170 degentibus
1368 2071 1568 2141 illaefis
1605 2114 1626 2142 ‚
1671 2083 1802 2131 DEI
1828 2068 2126 2154 omnipo-

179 2176 389 2238 tentia
462 2195 736 2263 regente
789 2202 858 2239 ac
904 2189 1289 2260 protegente
1341 2168 1489 2232 illos
1541 2212 1555 2225 .
1609 2161 1827 2226 Saneti
1863 2170 2127 2216 JONAE

175 2266 512 2349 Prophetae
542 2265 862 2326 memoria
914 2265 982 2324 in
1007 2258 1495 2346 Martyrologio
1544 2258 1841 2316 Romano
1888 2247 2124 2311 recoli-

178 2371 282 2417 tur
321 2366 401 2413 ΧῙ.
430 2352 743 2419 kalendas
796 2348 1100 2416 Oftobris
1132 2390 1152 2417 ‚
1202 2347 1560 2428 eademque
1588 2341 1695 2406 die
1748 2334 1936 2425 ipfius
1986 2358 2126 2400 me·-

183 2445 381 2507 minit
430 2448 806 2508 Graecorum
831 2438 1288 2524 Menologium
1316 2483 1330 2498 .

362 2535 584 2598 Litera
604 2548 661 2591 V.
704 2555 834 2618 quae
860 2532 1072 2616 prima
1115 2523 1199 2591 est
1230 2526 1411 2606 hujus
1440 2518 1838 2585 PraefatIOnis
1861 2560 1881 2589 ‚
1931 2538 2122 2582 orna-

181 2640 287 2687 tur
319 2626 580 2710 antiqua
605 2644 911 2711 gemmae,
939 2615 1049 2681 sed
1074 2612 1405 2680 inferioris
1434 2612 1638 2674 aetatis
1690 2632 1840 2673 cum
1889 2609 2122 2694 imagi-

182 2733 261 2774 ne
313 2730 803 2778 vERoNICAE
828 2751 850 2779 ,
899 2708 1208 2771 nimirum
1236 2718 1482 2770 VERAE
1532 2712 1819 2764 ICONIS
1848 2699 2126 2764 Domini

189 2797 382 2863 nostri
421 2818 593 2865 JESU
643 2813 982 2864 CHRISU
1034 2796 1181 2861 velo
1231 2779 1540 2881 impressae
1569 2832 1583 2845 .
1637 2785 1881 2849 Velum
1908 2780 2124 2870 ipsum

181 2909 457 2978 utraque
482 2913 677 2955 manu
706 2884 1060 2976 expansum
1086 2903 1267 2951 tenet
1315 2877 1529 2946 sancta
1560 2875 1677 2939 illa
1702 2874 1941 2938 mulier
1966 2916 1987 2943 ,
2042 2873 2122 3027 εΙιρ

1353 2991 1383 3025 a
1426 2993 1460 3030 2
2010 2989 2043 3030 a
2071 2987 2123 3029 1·

238 3119 296 3159 (ι)
326 3117 489 3163 Evangd,
504 3117 538 3151 S.
556 3111 811 3165 Matthaicap·
825 3127 865 3153 xz
880 3125 911 3151 1.
924 3111 1116 3156 venienti.
1223 3115 1279 3152 (3)
1311 3109 1350 3141 In
1365 3101 1572 3151 expositione
1587 3103 1704 3147 Jonas
1722 3098 1910 3148 Propheta-2
