2550 3898
764 447 1665 509 Aponoosrrca
1899 468 1984 534 25

359 534 658 629 elegantia
691 533 997 602 diciarum
1030 535 1104 599 de
1134 536 1447 598 Amuletis
1486 537 1546 598 in
1591 532 1747 601 hisce
1770 539 2080 608 Observa..-

358 631 627 696 tionibus
666 676 686 705 ,
736 628 799 695 ὃς
842 631 1035 715 magis
1094 623 1353 691 candida
1410 653 1478 693 ae
1533 627 1784 718 simplex
1827 654 2076 725 apparet:

353 723 790 814 problematica
827 719 1049 783 solutio
1088 723 1459 810 aenygmatis
1496 770 1510 786 .
1563 724 1877 812 Siquidem
1915 732 2083 817 quic-³

354 815 501 904 quid
539 815 614 879 de
657 814 969 878 Amuletis
1023 812 1247 879 ibidem
1309 816 1620 906 profertur
1671 840 1785 907 pro
1825 821 2082 889 illustra-

352 909 516 978 tione
578 909 800 971 horum
852 904 1296 972 numismatum
1337 956 1357 985 ‚
1407 908 1544 975 ideo
1596 908 1655 976 se
1688 913 2077 1001 produxisse,

349 1002 563 1065 auctor
599 998 896 1077 ostendit,
951 1020 1019 1065 ut
1056 1000 1345 1091 abrogata
1383 1005 1683 1069 memoria
1723 1008 2073 1075 Alexandri

347 1094 596 1169 Severi,
646 1096 743 1159 cui
803 1096 1014 1158 eadem
1063 1093 1431 1160 numismata
1485 1118 1592 1160 nos
1633 1096 2078 1181 adscribimus,

332 1188 589 1277 Juliano
631 1185 932 1276 Apostatae
978 1194 1100 1270 ejus
1146 1189 1286 1250 loco
1329 1187 1718 1266 tribuantur3
1772 1190 1871 1254 sed
1910 1194 2078 1260 reste·

345 1278 750 1345 consideranti
795 1327 813 1355 ,
875 1304 995 1345 non
1039 1281 1347 1344 immerito
1406 1279 1564 1346 forte
1624 1281 1935 1350 videbitur
1981 1311 2075 1353 res

344 1371 600 1437 obscura
642 1376 940 1445 enucleari
975 1397 1090 1463 ope
1122 1376 1365 1438 alterius
1402 1373 1770 1440 obscurioris
1794 1376 1856 1444 8(
1879 1383 2076 1473 magis

344 1465 708 1550 implicatae‚
752 1463 1010 1532 confusae
1045 1515 1065 1544 ,
1103 1491 1171 1531 ac
1210 1466 1589 1533 tenebricosae
1636 1496 1652 1534 :
1703 1496 1894 1559 quum
1939 1473 2074 1561 post

341 1560 537 1623 multa
575 1563 723 1622 nihil
770 1563 922 1624 certi
963 1561 1209 1625 tandem
1272 1563 1676 1626 concludatur
1715 1590 1735 1641 3
1789 1564 1852 1631 ὃς
1904 1564 2070 1652 ipse,

338 1650 553 1715 auctor
601 1649 1168 1729 Observationum,
1212 1655 1453 1740 peracta
1496 1656 1686 1720 veluti
1726 1659 2068 1744 navigatio·

338 1764 411 1806 ne
462 1789 483 1819 ‚
535 1745 670 1807 vela
719 1746 1078 1809 contrahens
1118 1792 1138 1822 ,
1196 1746 1449 1811 demum
1494 1745 1657 1834 quafi
1696 1768 1946 1835 portum
1987 1762 2073 1816 te*

338 1854 479 1899 neat
519 1882 540 1910 ,
582 1836 729 1900 nihil
773 1838 939 1902 aliud
975 1886 994 1914 ,
1037 1841 1233 1924 inqui-t
1268 1847 1371 1918 (1)
1417 1843 1726 1905 continere
1764 1839 2071 1925 Observa-g

336 1931 528 1993 tiones
569 1926 698 1991 suas
746 1928 851 1992 nifi
898 1930 1308 1995 Divinationes
1338 1979 1352 1994 .

525 2025 807 2097 Interea,
856 2019 897 2086 fi
936 2024 1230 2111 temporis
1270 2023 1515 2089 fallendi
1557 2029 1755 2115 gratia
1792 2029 1913 2093 haec
1962 2054 2068 2096 nu-

334 2112 615 2179 mismata
662 2114 904 2179 credere
946 2136 1258 2205 oporteret
1304 2122 1597 2186 Amuleta
1637 2168 1657 2197 ,
1718 2143 1840 2184 non
1886 2120 2070 2189 effent

333 2205 611 2298 profesto
653 2225 780 2271 tam
819 2205 956 2274 serae
997 2212 1160 2275 aetati
1200 2209 1549 2290 tribuenda,
1588 2234 1656 2280 ut
1692 2233 2066 2280 tantummo-

332 2301 415 2364 do
465 2299 682 2364 saeculo
732 2326 827 2364 ιν.
875 2302 1097 2367 labenti
1148 2307 1242 2367 vel
1289 2310 1573 2382 exeunti,
1618 2327 1720 2371 aut
1755 2306 1971 2372 saeculo
2000 2335 2062 2374 v.

329 2393 546 2481 quibus
605 2391 865 2456 floruere
934 2391 1409 2482 sanRiJoannes
1449 2398 1933 2484 Chrysostomus
1994 2399 2061 2470 ὅς

331 2485 715 2575 Augustinus
756 2482 1227 2552 adscriberemus
1261 2494 1363 2566 (2)
1403 2514 1417 2551 :
1470 2488 1568 2554 ubi
1616 2495 1773 2555 enim
1819 2511 2058 2558 veteres

330 2580 391 2644 hi
430 2584 633 2644 Patres
678 2579 750 2643 de
776 2583 1088 2645 Amuletis
1129 2584 1510 2670 loquuntur,
1551 2588 1783 2649 nonita
1822 2585 1898 2650 de
1938 2589 2060 2652 illis

326 2669 734 2760 fantur,quas1
779 2674 988 2738 eadem
1027 2673 1126 2739 sua
1161 2695 1333 2739 aetate
1374 2680 1657 2764 caeperint
1690 2682 2054 2770 excogitari,

326 2764 391 2832 ὅ(
439 2771 497 2829 in
546 2765 679 2855 ipsis
718 2791 932 2834 NOMEN
972 2792 1068 2832 Di-:r
1106 2768 1467 2845 admisceri,
1508 2790 1614 2835 aut
1638 2796 1851 2836 NOMEN
1872 2794 2051 2839 CHRI-

328 2882 420 2922 sTl
464 2905 479 2921 .
534 2862 706 2926 Sicut
747 2882 894 2954 ergo
927 2868 1054 2945 jam
1101 2883 1238 2928 ante
1279 2863 1636 2928 eorumdem
1710 2864 2057 2935 sanctorum

323 2956 578 3018 Parrum
619 2975 861 3022 aetatem
890 2976 1313 3046 praecantatores
1347 3005 1368 3035 ,
1414 2956 1478 3025 ὅ(
1510 2965 1919 3024 excantatrices
1971 2963 2046 3027 ab

1256 3055 1309 3106 D
1854 3051 1975 3126 ipfis

379 3164 440 3213 ξι)
475 3163 838 3220 Οψν-υαωρεςςγο
1271 3170 1334 3216 «2)
1369 3165 1562 3219 Offirvfss·
1579 3179 1730 3224 P³g·33·
