2550 3898
952 455 1771 514 Apotocssrch
1984 459 2064 518 31

448 543 638 611 storiae
679 567 785 609 nos
827 541 1150 613 admonet,
1175 534 1799 622 eumdemJulianum
1824 575 1843 604 ,
1887 529 2162 597 nedum-³

445 639 615 727 quafi
661 641 810 703 alter
855 635 1120 698 Macedo
1172 627 1313 693 esset
1368 625 1425 691 se
1479 625 1646 689 credi
1698 619 1952 689 voluiffe
1988 671 2008 700 ,
2058 621 2160 688 sed

436 739 624 798 etiam
655 777 675 806 ,
726 747 1004 793 narrante
1049 732 1295 792 Socrate
1331 723 1390 785 in
1419 718 1522 786 sua
1546 716 1820 785 Historia
1843 725 1984 798 (1),
2014 720 2160 781 Ale-

433 825 651 889 xandri
690 820 1050 886 Macedonis
1103 819 1373 882 animam
1425 817 1484 878 in
1531 811 1588 877 se
1631 809 1908 877 transiisse
1936 858 1954 886 ‚
1985 819 2163 893 juxta

433 920 803 1008 Pythagorae
831 914 891 980 ὅ(
919 915 1182 979 Platonis
1220 908 1617 983 sententiam,
1667 929 1848 995 quam
1886 904 2165 969 tenebat.

439 1015 647 1100 Qare
687 1009 730 1073 si
772 1007 1117 1072 Alexander
1157 1003 1423 1069 Macedo
1475 1023 1620 1066 vere
1672 1023 1824 1064 iows
1855 1021 2032 1065 1=1L1vs
2078 1021 2162 1062 re·

439 1106 807 1195 putabatur,
848 1096 1086 1164 fortasse
1121 1122 1188 1160 ea
1219 1097 1502 1184 opinione
1541 1093 2162 1179 dustumJulianum,

441 1200 559 1264 hoc
599 1201 885 1262 lemmate
935 1188 1235 1257 numisma
1283 1183 1504 1252 cudisse
1538 1231 1558 1260 ,
1600 1208 1717 1248 non
1759 1183 1877 1246 fine
1914 1185 2166 1270 aliqua...

441 1295 574 1357 veri
625 1288 1016 1356 similitudine
1059 1282 1243 1374 poffet
1294 1279 1601 1346 adfirmari
1643 1325 1658 1342 .
1714 1282 1868 1341 Ruit
1909 1294 2168 1342 tamen.-

441 1382 657 1472 sponte
704 1380 804 1445 sua
867 1383 1038 1464 hujus
1087 1377 1427 1467 argumenti
1470 1392 1684 1437 nutans
1738 1370 1802 1438 ὅ(
1846 1394 1987 1435 vere
2047 1393 2170 1435 non

447 1475 588 1541 satis
629 1474 806 1540 firma
842 1470 1152 1539 conclufio
1196 1520 1208 1533 .
1265 1470 1494 1536 Eadem
1543 1468 1703 1530 enim
1740 1512 1759 1541 ,
1825 1488 1940 1552 qua
1972 1465 2171 1552 Julia-

449 1594 561 1633 nus
600 1572 905 1634 dementia
960 1565 1207 1630 affectus
1259 1562 1375 1628 fuit
1418 1562 1765 1624 Antoninus
1812 1558 2169 1635 Caracalla,

449 1666 554 1750 qui
597 1661 814 1726 saeculo
856 1667 1092 1749 integro
1120 1659 1183 1722 ὅ(
1210 1658 1450 1719 circiter
1489 1650 1749 1715 dimidio
1786 1645 1984 1736 ipsum
2022 1672 2171 1738 prae-

450 1752 617 1819 ceffit
651 1802 664 1817 .
713 1759 905 1819 Porro
950 1752 1293 1814 Antoninus
1336 1747 1653 1813 Caracalla
1690 1792 1710 1822 ,
1757 1740 2004 1806 testibus
2045 1747 2172 1809 He-

450 1847 708 1912 rodiano
750 1845 811 1912 &
848 1843 1373 1919 Dione,statimac
1407 1839 1685 1903 Thraciae
1723 1854 1922 1924 partes
1963 1839 2172 1927 attigit

449 1938 831 2006 Macedoniae
893 1937 1124 2027 regioni
1185 1931 1513 2006 finitimae,
1552 1930 1902 1995 Alexander
1938 1929 2170 2011 evafit3

455 2035 611 2099 itaut
654 2029 776 2095 sive
814 2055 961 2095 aerea
994 2077 1014 2106 ,
1069 2025 1195 2092 five
1232 2046 1574 2090 marmorea
1615 2020 1778 2114 figna
1816 2069 1836 2097 ‚
1886 2047 2015 2109 quae
2057 2026 2173 2089 in„

457 2128 670 2194 multis
712 2122 1088 2190 Civitatibus
1123 2120 1230 2186 fibi
1260 2118 1428 2204 juffit
1460 2117 1718 2206 adponi,
1758 2114 1987 2206 duplici
2016 2121 2174 2206 capi·

453 2238 513 2286 te
541 2219 800 2286 formata
827 2216 1007 2284 essent
1027 2265 1046 2294 ‚
1074 2219 1132 2281 in
1159 2214 1303 2279 mod
1318 2215 1576 2302 umJani
1603 2202 1882 2275 bifrontis
1900 2258 1920 2284 ,
1946 2209 2008 2276 8(
2034 2214 2173 2275 Ale-

450 2313 759 2380 xandrum
785 2316 1091 2399 Magnum
1132 2309 1310 2371 simul
1339 2306 1400 2371 ὃ(
1428 2304 1811 2369 Caracallam
1848 2299 2172 2370 referrent.

455 2410 600 2471 Imo
627 2452 648 2482 ‚
700 2405 788 2469 uti
820 2403 998 2466 habet
1034 2403 1156 2467 Dio
1200 2396 1362 2486 apud
1401 2397 1790 2485 Xiphilinurn
1834 2401 1936 2479 (2)
1978 2443 1998 2473 ,
2052 2403 2174 2462 Ro.

452 2523 622 2565 mam
661 2498 908 2565 Senatui
971 2498 1170 2560 literas
1232 2488 1393 2555 misit
1426 2536 1447 2566 ‚
1502 2493 1562 2553 in
1607 2486 1824 2573 quibus
1877 2512 2021 2555 vere
2074 2490 2174 2558 se„

456 2590 884 2660 Alexandrum
923 2587 1031 2653 esse
1064 2636 1083 2665 ,
1129 2587 1192 2653 ὅ(
1237 2588 1500 2650 animam
1544 2583 1706 2646 iilius
1729 2587 1856 2664 jam
1898 2585 1955 2647 in
1997 2582 2052 2649 se
2086 2610 2176 2654 re-

456 2682 669 2776 cepisse
710 2683 1059 2749 difiitabat.
1110 2688 1441 2770 Eapropter
1462 2675 1851 2754 Alexander,
1887 2676 1948 2742 &e
1988 2684 2174 2748 totius

457 2781 731 2846 Orientis
772 2776 1082 2869 Augustus
1116 2772 1601 2861 nuncupabatur.
1643 2775 1797 2837 Haec
1839 2773 2042 2836 omnia
2092 2780 2172 2842 cl.

457 2875 854 2939 Bonarrotius
913 2876 1124 2937 recitat
1185 2874 1241 2933 in
1284 2867 1595 2955 Carpineis
1637 2867 1888 2929 maximi
1932 2868 2172 2936 moduli

457 2963 921 3033 numismatibus
960 2965 1058 3054 (3)
1094 3014 1110 3032 .
1158 2969 1446 3032 Praeterea
1480 2959 1554 3026 de
1599 2959 1813 3025 eodem
1850 2965 2173 3030 Caracalla

1973 3054 2098 3112 scri-

507 3187 572 3239 (1)
601 3183 691 3226 Lib.
709 3184 791 3227 111.
810 3182 1009 3239 Capaxr·
1118 3181 1181 3233 (κ)
1212 3178 1258 3222 In
1279 3178 1483 3221 Caracalla
1505 3188 1520 3219 ε
1628 3177 1694 3231 (3)
1728 3178 1965 3234 Pag.167.&
1983 3180 2122 3231 pass,
