2550 3898
779 457 1770 522 ‘APOLOGETICA
2024 473 2072 528 9

437 550 595 619 didit
632 552 816 618 literae
851 575 912 616 v.
954 545 1180 611 hastam
1229 542 1587 633 pendentem
1626 544 1809 607 literae
1843 565 1907 606 ο.
1957 543 2157 630 proxi:

437 648 696 711 miorem
736 691 757 721 ‚
811 640 1213 725 formavitque
1271 635 1379 700 fibi
1419 639 1655 701 literam
1708 658 1768 701 N.
1821 641 1989 725 Ergo
2025 635 2159 699 duae

440 742 627 805 literae
665 762 723 800 n.
761 757 823 799 N.
863 751 931 797 ut
973 732 1058 797 ita
1099 733 1298 795 dicam
1328 776 1348 805 ‚
1395 727 1502 793 sub
1543 732 1932 820 glaucomate
1974 774 1994 803 ‚
2039 746 2160 792 tres

441 833 644 896 literas
670 825 975 892 distinstas
1003 828 1062 889 in
1108 827 1241 888 luce
1285 842 1544 913 purgata
1586 822 1757 886 nobis
1802 820 2163 898 ostendunt,

437 944 652 1009 nempe
695 944 821 986 lov.
874 938 943 983 ut
1000 941 1144 982 mox
1197 917 1469 981 dicebam
1518 963 1533 980 .
1593 917 1808 981 Tertia
1868 916 2092 979 litera...
2136 960 2160 990 ,

439 1038 618 1103 quam
681 1011 802 1102 ipse
851 1007 1132 1076 efformat
1167 1058 1186 1086 ,
1242 1006 1322 1071 est
1373 1033 1432 1075 v.
1492 1006 1589 1073 sed
1627 1056 1647 1085 ,
1711 1007 1854 1096 quid
1905 1030 2024 1071 non
2074 1004 2161 1071 fa-

436 1111 520 1173 cit
559 1106 763 1194 opinio
806 1121 826 1169 ?
890 1109 1045 1171 Haec
1097 1105 1274 1166 litera
1317 1099 1547 1165 constat
1591 1104 1738 1164 item
1779 1126 1851 1164 ex
1901 1100 2160 1174 duabuS,

435 1224 478 1263 1.
522 1199 805 1264 videlicet
857 1217 1038 1284 atque
1089 1223 1135 1264 s.
1178 1195 1286 1267 Si,
1326 1217 1445 1281 qua
1480 1194 1765 1282 conjungi
1809 1209 2162 1280 oporteret,

434 1296 676 1357 literam
716 1315 780 1355 v.
827 1287 1145 1379 inspexeris
1189 1288 1466 1377 diligenti
1509 1290 1780 1350 examine
1822 1330 1841 1359 ,
1884 1305 2155 1373 apertam

430 1383 759 1471 conspicies
783 1430 800 1458 ,
835 1386 986 1446 itaut
1033 1381 1257 1445 indicio
1301 1380 1371 1444 fit
1418 1382 1616 1444 literas
1653 1377 1763 1444 effe
1800 1377 1949 1441 duas
1974 1424 1993 1452 ,
2034 1400 2157 1442 non

431 1499 610 1541 unam
650 1523 665 1539 .
731 1471 963 1540 Rursus
1017 1472 1242 1539 hastam
1298 1475 1472 1556 hujus
1526 1476 1711 1537 literae
1761 1474 2042 1535 ultimam
2108 1469 2153 1535 fi

427 1569 654 1633 videris
700 1591 819 1631 non
870 1567 1092 1631 ref’tam
1140 1614 1160 1643 ,
1222 1565 1319 1631 sed
1367 1567 1637 1631 nonnihil
1683 1564 1972 1629 inflexam
2018 1610 2038 1640 ,
2084 1560 2154 1627 fi-

428 1659 679 1725 nuosam
726 1707 745 1735 ‚
791 1657 1132 1724 tortuosam
1174 1706 1193 1734 ‚
1234 1682 1429 1721 nonne
1480 1662 1716 1721 literam
1763 1683 1808 1719 3.
1855 1657 2027 1719 illam
2072 1652 2156 1719 es-

428 1751 486 1817 se
530 1752 746 1817 dices?
807 1747 1103 1838 Qisquis
1156 1753 1344 1841 igitur
1387 1753 1569 1814 oculo
1608 1751 1899 1814 irretorto
1949 1795 1966 1823 ‚
2028 1770 2152 1814 non

423 1847 692 1919 erranti,
730 1868 846 1907 non
876 1852 1049 1925 juxta
1090 1849 1307 1905 mentis
1358 1839 1707 1906 sententiam
1746 1889 1764 1917 ,
1803 1863 1982 1927 quam
2024 1836 2144 1904 for-

423 1957 482 2002 te
537 1935 636 1999 fibi
685 1958 1001 2023 perperam
1060 1931 1464 2021 praeformarit
1508 1980 1527 2008 ,
1588 1932 1682 1997 sed
1712 1940 1884 2015 juxta
1927 1956 2150 2011 eam-2,

426 2052 608 2117 quam
641 2031 1014 2117 praetulimus
1039 2023 1234 2090 facem
1261 2024 1563 2090 numisma
1590 2024 1954 2115 inspexerit3
1989 2025 2152 2090 haud

430 2124 611 2186 dubia
660 2146 747 2185 res
788 2119 869 2184 est
896 2168 916 2196 ‚
963 2121 1106 2207 quin
1145 2139 1431 2208 repente,
1470 2122 1759 2206 nulloque
1804 2120 2052 2207 negotio
2087 2120 2150 2183 in

423 2217 769 2303 opinionem
808 2212 1071 2278 nostram
1111 2213 1475 2288 descendat,
1519 2210 1742 2300 sibique
1769 2209 2146 2300 persuadeat,

422 2329 581 2372 xovis
629 2308 957 2396 legendum
1002 2304 1110 2370 effe
1151 2355 1171 2383 ,
1208 2330 1328 2370 non
1376 2309 1579 2368 literas
1618 2330 1673 2368 D.
1712 2329 1772 2369 N.
1823 2328 1881 2368 v.
1934 2310 2024 2368 At
2067 2304 2144 2370 de

424 2401 512 2463 his
561 2402 734 2488 plura
776 2395 1062 2461 inferius·

609 2500 702 2557 De
747 2494 973 2579 reliqua
1016 2490 1381 2577 epigraphe,
1436 2488 1601 2576 quod
1640 2490 1785 2554 nihil
1828 2486 1932 2576 ipfi
1978 2489 2143 2557 vide-

421 2608 485 2649 re
523 2587 854 2673 contigerit
887 2632 906 2662 ,
953 2585 1100 2647 nihil
1146 2583 1361 2669 pi&0ri
1405 2607 1472 2645 ac
1520 2585 1783 2647 caelatori
1828 2581 1977 2660 su0,
2023 2607 2145 2651 non

419 2682 599 2742 nimis
644 2676 883 2742 solliciti
937 2675 1185 2751 sumuS,
1234 2676 1725 2763 quandoquidem
1773 2694 1840 2741 ut
1891 2674 2141 2741 manife-

421 2769 505 2833 ste
546 2769 1092 2836 demonstravimus
1140 2815 1160 2844 ,
1201 2771 1368 2856 quod
1424 2775 1705 2833 viderunt
1739 2793 1952 2857 parurn
2004 2767 2085 2833 est
2116 2817 2138 2848 ,

422 2885 617 2951 neque
668 2864 821 2929 illud
863 2862 944 2928 est
974 2910 993 2939 ,
1038 2862 1199 2951 quod
1248 2883 1375 2927 erat
1415 2863 1746 2928 videndum
1773 2910 1787 2925 .

608 2956 779 3043 Qid
825 2956 1013 3021 simile
1051 2955 1271 3021 accidit
1318 2961 1374 3021 in
1420 2955 1816 3021 illustratione
1846 2954 2138 3023 Anastafii

425 3050 636 3116 Tomo
683 3074 786 3120 IV.
846 3054 1136 3118 Vitarum
1183 3056 1607 3117 Romanorum
1657 3048 2025 3117 Pontificum
2076 3054 2136 3117 in

1400 3145 1440 3197 Β
1940 3139 2060 3200 san-
