2550 3898
462 487 553 563 46
787 485 1658 550 D1ssERTAT1o

370 570 495 649 est,
543 592 816 662 gemmas
872 574 1141 659 antiquas
1202 573 1480 635 caelatura
1531 568 1836 635 distincias
1885 568 2092 657 (quas

372 669 483 731 otii
534 664 806 757 fugiendi
842 663 1077 742 caussa,
1113 663 1174 731 <Sc
1211 682 1277 727 ut
1310 666 1369 726 in
1400 666 1470 728 iis
1502 686 1633 751 quae
1671 661 1967 728 nescimus
2001 669 2096 745 ju·

371 760 567 825 eunde
596 760 987 836 erudiamur,
1026 782 1147 848 prae
1188 757 1466 821 manibus
1499 756 1716 822 habere
1755 755 2087 835 solemus),

374 876 498 917 non
529 853 1009 942 inopportunum
1041 848 1242 915 visum
1267 848 1348 914 est
1368 896 1388 927 ‚
1417 853 1782 915 Carneolam
1819 846 2092 915 vetustis-

369 943 587 1011 simam
611 946 673 1012 ὅ(
696 949 1129 1036 pulcerrimam
1152 943 1345 1030 Musti
1377 943 1616 1008 Vifflorii
1645 946 1703 1008 in
1727 946 1925 1009 lucem
1954 965 2096 1031 pro-

371 1038 594 1105 ducere
628 1065 643 1103 :
695 1043 917 1128 quippe
954 1041 1012 1104 in
1053 1062 1119 1103 ea
1159 1061 1442 1104 scoxprvs
1482 1034 1702 1103 affabre
1747 1034 2083 1127 exscalptus

374 1132 504 1209 est,
550 1155 762 1199 LVNAM
781 1134 1101 1222 flzlcasam,
1153 1153 1222 1197 ut
1260 1131 1507 1207 dicunt,
1551 1129 1835 1196 cornibus
1881 1153 2091 1218 appre-

370 1226 681 1304 hendens;
728 1250 907 1314 quam
955 1247 1270 1316 gemmam
1320 1227 1395 1290 ad
1431 1248 1557 1289 rem
1584 1223 2088 1290 Astronomicam

375 1316 829 1409 significandam
866 1318 1153 1386 duximus
1190 1322 1489 1409 pertinere
1536 1345 1553 1396 ;
1605 1318 1905 1402 aliamque
1942 1321 2091 1383 Car·

375 1415 622 1479 neolam
644 1415 853 1501 paullo
893 1416 1091 1477 minus
1136 1437 1335 1477 aream
1379 1409 1701 1500 expansam
1745 1412 2095 1484 habentem,

376 1507 605 1593 pariter
635 1504 804 1596 {igno
831 1528 1063 1572 scoR1211
1098 1509 1368 1570 caelatam
1391 1553 1409 1581 ,
1437 1508 1513 1570 ad
1553 1505 1707 1569 illud
1747 1504 1905 1566 idern
1949 1500 2095 1566 refec

376 1597 626 1662 rendam
680 1596 793 1662 esse
834 1646 854 1674 ,
900 1622 971 1662 ex
1019 1622 1092 1661 eo
1142 1603 1543 1681 conjicimUS,
1590 1597 1754 1683 quod
1794 1619 2094 1684 nempe„

380 1690 541 1757 circa
578 1689 843 1782 figuram
888 1712 1233 1755 SCORPIOle
1283 1695 1483 1754 literas
1528 1688 1741 1753 habeat
1775 1685 2092 1776 inscalptas

376 1807 620 1851 HERMrA
641 1832 663 1862 ,
688 1785 763 1850 ad
790 1807 1163 1851 MERCVMVM
1188 1781 1423 1848 fortasse
1450 1780 1890 1873 defignandum
1914 1828 1927 1843 .
1977 1783 2095 1847 Hi-

379 1875 475 1945 sce
513 1901 665 1945 vero
698 1881 1001 1969 gemmiS,
1051 1875 1503 1965 momentisque
1548 1899 1798 1949 rerum,
1856 1876 1940 1937 nil
1985 1876 2095 1937 mi·

379 1994 490 2036 nus
537 1969 759 2038 deferri
819 1980 1114 2037 volumus
1154 2016 1174 2044 ,
1224 1994 1403 2056 quarn
1458 1974 1528 2032 iis
1576 2014 1595 2043 ,
1646 1993 1772 2056 quae
1828 1968 1901 2029 ad
1959 1968 2092 2030 illu-

377 2062 615 2130 stranda
665 2065 1002 2131 Alexandri
1038 2067 1252 2129 Severi
1291 2062 1603 2154 proposita
1643 2059 2092 2138 numismatad,

375 2154 652 2222 conferre
686 2156 926 2245 possunt
966 2159 1309 2247 plurimum
1341 2205 1358 2221 .

565 2250 741 2316 Adde
794 2274 953 2315 nunc
1002 2250 1077 2314 ab
1134 2251 1474 2315 uberiorem
1529 2245 1739 2313 nostrae
1796 2248 2095 2336 opinionis

373 2345 858 2432 explanationem
893 2388 914 2418 ,
979 2367 1043 2406 ea
1084 2365 1216 2428 quae
1266 2343 1339 2405 de
1394 2365 1521 2405 aevo
1567 2339 1815 2430 piciurae
1874 2365 1907 2403 a
1945 2343 2093 2405 Ter-

381 2439 638 2502 tulliano
681 2454 1071 2511 memoratae,
1108 2432 1172 2501 &
1216 2434 1288 2499 de
1330 2435 1566 2525 piciura
1608 2431 1730 2522 ipsa
1775 2439 1902 2517 jam
1948 2433 2094 2497 dixi·

379 2552 560 2596 mus:
614 2530 795 2596 Adde
843 2527 1175 2596 Alexandri
1216 2553 1435 2593 nomen
1472 2575 1493 2606 ,
1557 2526 1720 2614 quod
1762 2530 1985 2617 legitur
2031 2529 2092 2589 in

304 2684 307 2686 ,
380 2623 575 2690 tribus
613 2649 682 2690 ex
722 2624 879 2688 hisce
921 2621 1384 2688 numismatibus
1427 2649 1459 2688 a
1501 2621 1672 2686 nobis
1699 2621 1913 2684 editis:
1968 2618 2094 2685 Ad-

380 2716 539 2785 de&
575 2717 735 2784 aliud
776 2721 954 2806 longe
989 2718 1232 2801 majoris
1262 2717 1501 2780 moduli
1537 2711 1841 2779 numisma
1881 2715 2090 2803 paullo

382 2832 521 2878 ante
558 2816 617 2878 in
662 2812 769 2877 hac
813 2812 1238 2879 Differtatione
1277 2814 1650 2901 vulgatum,
1698 2809 1760 2873 in
1799 2829 1918 2894 quo
1945 2803 2092 2890 ejus·

382 2904 528 2971 dem
564 2907 898 2975 Alexandri
940 2926 1124 2996 caput
1171 2908 1359 2971 leonis
1406 2908 1558 2993 pelle
1597 2901 1942 2966 contefflum
1983 2898 2091 2975 est,

382 2994 448 3063 ὅ(
490 3002 548 3064 in
584 3025 803 3087 exergo
847 2998 1077 3066 nonnifi
1123 3004 1602 3089 Monograrnma
1637 2993 1863 3061 Christi
1921 2997 2091 3059 caela·

382 3108 519 3156 tum,
553 3092 947 3184 conspicitur.
999 3101 1098 3161 Ita
1137 3096 1301 3161 enim
1343 3094 1539 3185 magis
1575 3089 1827 3157 firmiter
1855 3088 1929 3153 de
1957 3107 2090 3155 atta·

1947 3195 2005 3237 te
