2550 3898
363 327 435 373 272
845 296 848 299 Δ
901 324 938 360 1)
979 318 1002 358 r
1043 325 1064 359 s
1109 324 1130 359 s
1175 321 1204 358 Ξ
1248 319 1359 356 n.‘r
1407 317 1436 354 A
1483 320 1516 355 ‘r
1557 317 1579 354 1
1620 319 1655 356 o
2093 374 2099 377 Α

361 385 620 440 videlicet
656 378 896 438 Ecclesiae
941 380 1181 438 saeculis,
1227 380 1289 434 ad
1331 379 1638 433 eorumdem
1687 380 2126 436 coemeteriorum
2169 399 2264 436 eun

362 464 579 519 niculos
619 462 703 515 die
727 463 1004 535 noctuque
1044 458 1384 514 illustrandos
1409 496 1420 515 ‚
1468 457 1521 509 in
1544 457 1741 530 quibus
1782 455 2077 512 necestitate
2115 481 2268 514 corn-

360 540 496 617 pulfi
520 539 816 612 degebant3
865 541 922 592 ὃς
941 538 1005 591 ad
1028 535 1407 591 illuminandas
1435 536 1636 608 pariter
1657 535 1906 588 aediculas
1934 573 1946 594 ‚
1993 538 2044 588 in
2067 539 2266 610 quibus

356 619 496 674 sacra
535 614 850 689 mysteria&
886 613 1102 690 synaxes
1128 613 1454 689 peragebant
1477 650 1488 668 ‚
1532 631 1652 685 quae
1675 612 1893 685 quidem
1937 612 2172 669 aediculae
2213 619 2269 670 in

356 693 474 769 ipfis
497 696 826 748 coemeteriis
866 693 1169 768 frequentes
1193 691 1482 747 admodum
1523 688 1673 749 sunt,
1716 689 2026 744 &adillam
2065 710 2271 766 oppor-

353 775 636 828 tunitatem
661 774 1081 828 accommodata:
1109 816 1119 827 .

510 852 625 906 Abs
653 870 705 905 re
731 870 840 903 non
877 854 980 905 erit
1017 850 1142 905 festa
1169 853 1532 906 Lucernarum
1557 850 1677 907 heic
1713 854 1895 927 paucis
1939 869 2231 905 memorare
2251 888 2268 909 ‚

354 950 475 1005 quae
495 929 560 983 ab
582 927 820 982 Ethnicis
845 968 859 987 ,
880 930 1028 983 miris
1054 929 1230 983 modis
1250 929 1543 1004 aliquando
1566 930 1976 984 celebrabantur
2000 973 2007 982 .
2046 927 2267 1000 Insignis

348 1011 404 1061 in
435 1020 551 1062 tota
574 1009 808 1081 AEgypto
844 1006 915 1060 est
936 1010 1141 1079 Accenfio
1166 1009 1492 1062 thcernarum
1530 1009 1583 1061 in
1607 1010 1862 1062 Minervae
1889 1007 2150 1060 honorem
2190 1008 2271 1058 in-

350 1084 532 1140 stituta
552 1124 564 1144 ‚
609 1103 768 1157 quam
791 1083 915 1138 teste
938 1086 1225 1140 Herodoto
1246 1091 1339 1155 [1]
1365 1125 1377 1144 ‚
1420 1085 1554 1140 adeo
1573 1085 1840 1139 celebrem
1864 1083 2010 1138 fuisse
2034 1083 2223 1138 scimus
2249 1121 2263 1141 ,

348 1179 410 1217 ut
452 1165 547 1237 qui
587 1160 714 1216 festo
754 1182 862 1216 non
902 1162 1212 1223 adfuissent,
1263 1165 1317 1218 in
1360 1162 1594 1218 fenestris
1631 1163 1921 1216 domorum
1946 1160 2149 1215 suarum
2186 1180 2269 1215 eas

346 1240 736 1300 accenderent;
780 1237 956 1315 ficque
992 1241 1275 1295 videbatur
1310 1242 1486 1296 nocais
1515 1239 1811 1294 obscuritas
1836 1242 1889 1293 in
1914 1239 2019 1292 diei
2047 1239 2268 1293 clarita-

346 1332 455 1373 tem
491 1315 774 1372 conversa.
812 1319 1044 1388 Jacobus
1083 1321 1314 1393 Sponius
1343 1321 1396 1372 in
1433 1316 1526 1372 suo
1555 1318 1906 1392 Oedeporico
1931 1322 2056 1383 [2],
2107 1314 2267 1370 bafim

346 1415 700 1451 marmoream
727 1395 967 1469 protulit
1000 1398 1157 1450 aeneis
1202 1399 1344 1470 typis
1379 1396 1665 1469 expressam
1688 1434 1701 1452 ‚
1748 1397 1802 1447 in
1839 1414 1946 1468 qua
1975 1415 2137 1469 opere
2179 1396 2277 1449 de-

345 1474 520 1547 presso
540 1471 806 1545 insculpta
846 1476 1090 1527 cernitur
1116 1469 1520 1528 Atheniensium
1552 1471 1824 1525 sollemnis
1864 1475 1915 1525 in
1939 1474 2149 1525 Cereris
2171 1473 2272 1526 ho-

347 1569 535 1603 norem
576 1544 939 1622 supplicatio.
984 1551 1252 1603 Incedunt
1276 1550 1437 1603 multi
1478 1548 1750 1603 funalibus
1774 1546 2000 1603 accenfis
2032 1550 2143 1602 bini
2167 1553 2274 1604 cir-

348 1646 471 1681 cum
499 1624 660 1700 ipsam
685 1622 841 1678 bafim
867 1664 881 1683 ,
923 1627 1111 1679 eodem
1133 1644 1296 1698 opere
1323 1625 1523 1680 caelatis
1546 1625 1872 1697 imaginibus
1894 1664 1908 1684 ,
1949 1645 2068 1698 quae
2094 1642 2272 1682 tamen

342 1705 608 1778 temporis
632 1703 828 1755 iniuria
864 1702 1018 1757 valde
1044 1703 1256 1756 detritae
1285 1700 1405 1758 sunt
1431 1745 1442 1756 .
1485 1700 1626 1755 Istud
1653 1720 1779 1754 vero
1816 1704 1976 1756 etiam
1998 1704 2139 1776 apud
2180 1725 2274 1759 ve·

345 1795 483 1835 teres
504 1779 829 1834 Christianos
858 1782 914 1834 in
945 1778 1035 1835 usu
1078 1795 1190 1834 erat
1211 1819 1224 1839 ‚
1269 1780 1552 1854 nostraque
1593 1778 1898 1852 tempestate
1932 1779 2106 1834 adhuc
2145 1784 2276 1836 reti-

343 1860 497 1919 neri,
543 1877 704 1912 nemo
745 1856 817 1910 est
839 1861 934 1932 qui
962 1861 1209 1932 ignoret.
1255 1861 1416 1912 Fiunt
1451 1874 1628 1911 autem
1660 1854 1962 1927 hujusmodi
2002 1857 2272 1933 supplica-

344 1938 520 1991 tiones
544 1932 772 1990 accensis
796 1933 1092 1990 luminibus
1118 1975 1130 1994 ,
1173 1935 1492 2009 plerumque
1519 1935 1735 1988 lucente
1756 1935 1880 1989 Sole
1903 1980 1913 1991 .

509 2014 607 2068 Sed
642 2014 942 2085 antiquitus
981 2011 1133 2067 festos
1175 2013 1284 2067 dies
1337 2011 1632 2066 luminibus
1670 2009 1815 2065 fuisse
1861 2013 2273 2080 cohonestatos,

345 2093 513 2145 docet
557 2092 845 2144 Suetonius
887 2092 942 2144 in
983 2093 1092 2145 vita
1129 2089 1352 2144 Caesaris
1393 2090 1699 2144 Didtatoris
1739 2096 1832 2159 [3]
1862 2130 1875 2152 ,
1919 2095 2166 2166 inquiens
2207 2098 2272 2150 de

346 2165 574 2239 ejusdem
604 2167 884 2241 triumpho
911 2190 921 2222 :
965 2171 1259 2244 ascenditque
1279 2168 1568 2242 Capitolium
1606 2168 1670 2221 ad
1694 2169 1876 2223 lumina
1901 2211 1913 2228 ‚
1949 2173 2272 2245 qnadraginta

350 2244 603 2318 elephantis
627 2285 637 2301 ‚
674 2244 846 2299 dextra
864 2264 1004 2319 atque
1015 2249 1205 2316 finistra
1231 2245 1414 2319 lychnos
1438 2246 1725 2319 gestantibus
1750 2249 1845 2307 &a
1870 2251 1952 2302 De
1978 2249 2111 2316 Cajo
2132 2252 2273 2303 Dui-

345 2322 426 2377 lio
451 2361 464 2381 ,
508 2324 602 2396 qui
626 2322 827 2375 Poenos
853 2322 1006 2376 claffe
1025 2325 1230 2395 primus
1253 2324 1524 2377 devicerat
1549 2363 1561 2381 ‚
1607 2322 1866 2380 videndus
1888 2328 2074 2380 Sextus
2100 2330 2271 2382 Aure-

341 2399 448 2455 lius
489 2401 682 2454 Vietor
723 2400 851 2464 [4]‚
897 2401 1025 2454 item
1069 2400 1269 2454 Cicero
1307 2406 1436 2467 [5];
1480 2413 1594 2455 tum
1630 2401 1790 2456 etiam
1823 2405 2019 2458 Lucius
2045 2402 2271 2468 FloruS,

344 2480 440 2552 qui
471 2479 545 2531 ait
568 2483 660 2543 [6]
685 2517 697 2530 .
742 2476 944 2532 Dmlius
971 2478 1235 2550 Imperator
1257 2516 1270 2533 ‚
1314 2499 1401 2533 non
1443 2498 1679 2535 contentus
1715 2490 1855 2535 unius
1873 2483 1964 2536 diei
1999 2485 2232 2554 triumpho
2254 2523 2269 2547 ‚

334 2571 427 2629 per
457 2564 616 2610 vitam
657 2574 836 2608 omnem
860 2593 874 2615 ‚
912 2554 994 2610 ubi
1017 2576 1046 2610 a
1072 2575 1191 2609 caena
1231 2558 1413 2610 rediret
1436 2595 1451 2616 ,
1481 2560 1733 2630 praelucere
1763 2561 1990 2631 funalia,
2023 2571 2271 2629 praecinere

330 2633 423 2704 fibi
449 2633 593 2688 tibias
616 2631 756 2702 juffit
776 2668 789 2688 ‚
833 2636 965 2704 quast
983 2632 1186 2706 quotidie
1212 2635 1529 2706 triumpharet
1550 2677 1558 2686 .
1607 2639 1689 2690 De
1711 2636 2065 2691 celeberrimo
2084 2641 2271 2692 convi-

344 2712 437 2767 vio
461 2729 489 2765 a
511 2708 804 2782 Cleopatra
825 2711 882 2764 in
902 2711 1101 2768 Cilicia
1122 2711 1313 2765 Marco
1336 2714 1588 2768 Antonio
1610 2711 1719 2767 sum
1731 2711 1919 2770 tuofiffi
1928 2734 2009 2771 me
2035 2732 2232 2787 parato
2252 2755 2269 2777 ‚

2134 2791 2264 2849 scri-

400 2979 455 3015 (1)
484 2975 562 3010 Lib.
583 2979 633 3011 11.
646 2987 734 3010 num·
753 2986 856 3022 marg-
874 2982 935 3011 62·
1391 2981 1446 3016 (3)
1475 2980 1557 3021 Cap.
1576 2987 1727 3011 xxxvn.

400 3033 455 3066 (2)
485 3031 588 3062 Tomo
610 3032 661 3061 11.
678 3030 726 3060 ita
743 3030 902 3074 inscripto
918 3053 926 3062 .
942 3029 1069 3077 Veyage
1083 3025 1118 3060 d'
1136 3026 1255 3065 Italics
1389 3032 1447 3068 [4]
1479 3031 1529 3062 De
1547 3027 1635 3061 Virts
1649 3025 1842 3071 illustribus
1859 3025 1937 3071 &c-

348 3075 387 3109 de
415 3076 621 3119 Dalmatio,
648 3077 691 3115 de
717 3084 848 3120 Grae,
876 3077 922 3123 ὠ·
948 3078 994 3117 du
1011 3082 1155 3115 Levant
1181 3077 1260 3125 &60
1391 3085 1445 3116 (ς)
1476 3082 1518 3113 ln
1533 3082 1664 3117 Catone
1679 3078 1821 3130 majori,
1837 3080 2056 3117 fiveLib0De
2069 3077 2263 3129 SeneHuteg'

345 3140 409 3176 1:²3
439 3131 525 3174 283Θ
1390 3136 1444 3174 (6)
1478 3131 1558 3179 Liby
1580 3135 1630 3166 11.
