2550 3898
744 306 1504 347 PHILOLOGICA
2070 306 2105 349 7

187 368 421 423 rationes
449 366 644 424 oblatis
681 388 787 423 DEo
830 372 1123 424 incruentis
1166 362 1434 421 sacrificiis
1477 360 1746 417 celebrare
1782 305 2099 420 consuevisse

182 441 560 500 christifideles
590 448 727 502 idem
764 447 869 521 ipse
890 449 1189 520 Cyprianus
1227 444 1392 497 docet
1428 437 1843 495 luculentissime
1867 445 1945 511 (1)
1977 485 1988 495 .

346 523 492 596 Qud
531 544 657 578 vero
690 526 753 579 de
791 521 1107 578 Paschafiani
1143 521 1334 595 lapidis
1380 532 1533 573 aetate
1563 514 1939 572 sentiendum?
1983 521 2100 573 Nos

194 600 414 672 quidem
439 604 754 675 opinamur,
801 604 965 657 tertio
1001 596 1238 654 Ecclesiae
1258 595 1483 655 saeculo,
1527 615 1640 670 quo
1667 613 1965 650 crparanvs
2000 636 2013 654 ,
2047 598 2111 649 ἃ,

188 696 438 732 ,ιιετΕΜνε
460 682 658 752 pariter
680 680 984 736 occubuere
1009 716 1023 736 ‚
1069 675 1388 751 inscalptum
1410 673 1556 730 fuisse
1595 694 1830 730 marmor
1849 692 1972 730 cum
1993 676 2109 748 epi-

184 754 378 827 taphio
401 755 643 811 Paschafii
668 797 680 810 .
725 756 932 812 Nostrae
958 754 1060 810 hac
1082 754 1145 809 de
1165 774 1219 811 re
1265 754 1588 824 conjecturae
1623 750 1741 805 sunt
1764 748 2064 820 hujusmodi
2090 794 2103 805 .

189 833 504 887 Alexandro
524 836 715 889 Severo
734 837 1065 910 Imperatore
1086 874 1100 894 ,
1147 830 1342 888 saeculo
1372 834 1535 887 tertio
1557 834 1774 886 ineunte
1796 870 1809 889 ,
1855 830 2106 903 Martyrii.

182 909 365 981 palma
407 931 673 966 AsTERIVM
713 912 810 967 esse
848 927 1169 967 coronatum
1211 913 1296 967 die
1316 909 1558 985 vigesima
1591 912 1763 985 prima
1809 908 2106 967 Octobrisz

186 985 509 1042 Paschasium
546 1010 673 1044 vero
728 991 914 1045 diebus
972 993 1101 1044 octo
1156 1005 1276 1044 ante
1314 988 1540 1059 ejusdem
1581 1006 1792 1041 ASTERH
1836 1005 2051 1042 NATALE
2094 1023 2108 1043 2

186 1059 290 1117 five
311 1085 537 1120 annuam
562 1066 814 1141 pastionis
836 1070 1407 1124 commemorationem
1427 1063 1684 1121 decessisse
1705 1064 2067 1140 perspeximus
2094 1106 2105 1118 .

185 1142 369 1215 Qare
390 1141 478 1197 etsi
500 1165 665 1200 annus
690 1188 701 1206 ,
745 1168 860 1215 quo
884 1165 1129 1201 asrmuvs
1150 1147 1471 1218 Martyrium
1492 1143 1654 1196 subiit
1675 1146 1892 1197 minime
1917 1141 2110 1196 descri-

181 1219 494 1293 ptusfuerit
543 1227 598 1278 in
627 1217 1141 1300 nostrioepitaphim
1187 1240 1361 1278 tamen
1399 1242 1511 1276 non
1536 1220 1697 1292 longe
1735 1220 1799 1273 ab
1820 1220 1976 1274 heinc
2019 1221 2113 1289 (δε

183 1295 401 1353 fortaffiz⁸
442 1299 557 1374 ipso
599 1303 911 1359 Alexandro
953 1303 1126 1356 adhuc
1154 1299 1425 1373 superstite
1453 1338 1466 1359 ‚
1511 1298 1644 1351 licet
1667 1317 1777 1350 non
1803 1298 1991 1352 eodem
2018 1316 2114 1351 an-

181 1394 262 1429 no
287 1416 300 1435 ‚
343 1398 456 1450 quo
488 1399 731 1435 AsTEmvs
755 1381 826 1435 est
845 1381 1050 1454 passus)
1079 1418 1092 1437 ‚
1135 1374 1458 1432 Paschasium
1503 1373 1812 1430 occubuisse
1850 1374 2117 1431 existima..

182 1472 301 1507 mus
326 1495 335 1505 .
380 1456 679 1510 Putandum
700 1450 883 1516 certe,
927 1477 992 1511 ex
1011 1454 1208 1531 populi
1247 1457 1300 1508 in
1323 1452 1492 1530 ipsum
1514 1471 1783 1506 ASTERIVM
1805 1452 1958 1508 cultu
1985 1468 2116 1507 tunc

179 1549 366 1585 recens
411 1548 640 1592 exorto,
687 1553 847 1609 atque
887 1532 1072 1608 insigni
1110 1549 1320 1588 motum
1356 1533 1881 1605 epigrammatarium
1926 1569 1939 1588 ,
1984 1528 2117 1598 ejus-

181 1607 305 1661 dem
353 1607 510 1663 sand‘ti
555 1614 808 1686 Martyris
850 1614 1161 1665 memoriam
1202 1614 1255 1662 in
1294 1610 1508 1663 tumulo
1549 1607 1842 1660 notandam
1887 1603 2114 1678 selegisse

182 1704 254 1739 ex
277 1684 521 1758 pluribus
546 1726 559 1746 ,
604 1691 698 1762 qui
735 1691 1147 1742 commemorari
1184 1700 1440 1761 poterant
1477 1702 1626 1757 aeque
1662 1682 1932 1758 praeclaris
1972 1685 2117 1737 Mar-

183 1764 433 1836 tyribus.
481 1763 799 1820 Paschafium
843 1785 969 1820 vero
1009 1762 1300 1820 fidicamus
1342 1782 1553 1818 12.ersz
1577 1759 1779 1835 socium
1829 1759 1910 1815 vel
1957 1758 2116 1816 disci-

185 1840 415 1914 pulum,
461 1840 563 1897 five
607 1847 769 1899 etiam
808 1845 984 1897 Patria
1019 1839 1315 1896 Ostiensem
1356 1840 1532 1897 fuisse,
1575 1837 1784 1892 fortasse
1817 1857 1925 1891 non
1952 1837 2116 1912 longe

185 1937 217 1970 a
237 1938 366 1972 vero
388 1921 801 1975 aberraverimus
828 1962 836 1972 .
883 1924 1056 1974 Porro
1085 1922 1138 1972 in
1162 1920 1468 1973 caemeterio
1490 1918 1707 1970 Lucinae
1728 1911 1991 1990 depositus
2017 1914 2119 1970 fuit

188 1997 371 2050 eadem
392 2001 474 2051 via
499 1997 718 2053 Ostienfi
736 2040 748 2058 ,
793 2017 906 2072 quo
928 1996 1041 2050 loci
1064 1996 1203 2050 idem
1224 1992 1428 2048 sanctus
1470 1997 1682 2068 Martyr
1708 2012 1959 2047 Asrfiiuvs
1985 2013 2120 2067 ago-

184 2093 309 2128 nem
347 2073 621 2132 sustinuit.
667 2080 762 2132 His
803 2076 1128 2145 conjecturis
1154 2073 1216 2128 de
1241 2093 1355 2127 aevo
1375 2068 1693 2126 Paschafiani
1734 2071 1996 2145 epitaphii
2032 2086 2120 2124 ut-

189 2171 425 2225 cumque
465 2154 729 2229 prolatis‚
771 2152 806 2207 fi
838 2155 1072 2208 animum
1111 2152 1175 2206 ad
1217 2170 1275 2205 ea
1299 2150 1634 2206 advertamus
1658 2192 1670 2211 ,
1713 2169 1833 2224 quae
1873 2149 1937 2202 de
1958 2149 2118 2203 obitu

182 2231 490 2303 Martyrum
527 2231 876 2288 describendo
913 2273 925 2290 ‚
993 2229 1156 2284 sancti
1199 2231 1437 2284 Romani
1473 2226 1762 2283 Pontifices
1802 2225 2051 2281 Clemens
2091 2264 2109 2285 ‚

185 2307 462 2362 Antherus
485 2350 499 2368 ‚
541 2312 600 2363 ὃς
620 2313 876 2364 Fabianus
913 2308 1174 2383 sapienter
1195 2307 1592 2362 constituerunt
1612 2347 1626 2366 ‚
1669 2325 1730 2359 ac
1748 2306 1910 2358 etiam
1949 2307 2003 2356 in
2029 2301 2117 2357 sua

190 2383 598 2459 Carthaginensi
620 2383 845 2441 Ecclesia
871 2400 1197 2461 praeceperat
1230 2382 1438 2437 sanctus
1460 2385 1761 2456 Cyprianus
1786 2419 1798 2437 ‚
1848 2396 1907 2434 ut
1928 2379 2118 2454 paullo

186 2479 310 2516 ante
348 2464 617 2525 diximus,
662 2464 802 2518 haud
846 2462 1068 2518 difficile
1109 2465 1211 2517 erit
1251 2458 1485 2515 adserere
1506 2461 1646 2513 hunc
1667 2456 1900 2532 lapidem
1940 2458 2118 2512 eidem

188 2538 386 2595 saeculo
415 2562 434 2596 1
459 2545 526 2598 11.
577 2542 924 2598 tribuendum
947 2540 1044 2596 effe
1066 2580 1079 2599 ,
1123 2543 1307 2615 inquo
1329 2542 1543 2593 Patrum
1565 2536 1809 2592 mandata
1828 2573 1842 2595 ,
1885 2532 2119 2591 sanctio:-

192 2637 284 2672 nes
308 2620 364 2673 ὃ(
388 2622 602 2676 decreta
626 2620 872 2697 singulari
896 2618 1231 2674 observantia
1251 2616 1615 2692 implebantur
1632 2659 1643 2670 .

353 2700 439 2752 Ab
463 2702 566 2754 hoc
588 2701 770 2755 nostro
790 2698 1069 2775 epitaphio
1107 2717 1218 2751 non
1244 2697 1468 2750 omnino
1509 2692 1814 2769 discrepans
1862 2692 1934 2748 est
1982 2696 2117 2749 titu-

196 2775 281 2829 lus
325 2775 417 2831 ille
437 2776 741 2852 sepulcralis
778 2776 1080 2831 sancitorum
1097 2773 1371 2830 Tiburni,
1415 2772 1724 2836 Valeriani,
1767 2774 1825 2825 &
1852 2774 2114 2832 Maximi,

195 2856 292 2929 qui
311 2854 445 2909 olim
464 2856 587 2913 teste
607 2859 853 2914 Antonio
873 2850 1023 2910 Bofio
1053 2862 1132 2924 (2)
1155 2892 1171 2915 ,
1213 2853 1399 2908 locum
1426 2852 1700 2906 indicabat
1719 2889 1733 2910 ‚
1777 2851 1870 2903 ubi
1891 2869 2115 2904 eorum-

1995 2927 2117 2983 dem

252 3016 308 3050 (¹)
341 3013 585 3058 Epist-xxxxv.
1190 3011 1408 3049 revelatione
1435 3007 1480 3055 &a
1513 3010 1720 3047 inventione
1735 3006 1884 3057 corporis
1915 3004 2016 3040 beato.
2042 3009 2116 3041 ¹31.-

249 3068 306 3104 (2)
336 3068 375 3100 In
388 3069 480 3103 notis
514 3069 554 3105 ad
570 3069 701 3108 Literas
729 3070 896 3110 Paschalis
915 3080 947 3107 x.
967 3071 1059 3118 Papae
1083 3068 1138 3106 De
1189 3065 1275 3106 cilia
1302 3065 1454 3115 Virginis
1482 3061 1528 3111 ά·
1555 3063 1729 3118 Martyris
1755 3086 1769 3111 ,
1801 3067 1830 3109 §·
1849 3073 1884 3108 7·
1914 3071 1993 3109 pag·
2016 3068 2114 3146 Erg-
