<?xml version="1.0" encoding="UTF-8"?>
<!DOCTYPE html PUBLIC "-//W3C//DTD XHTML 1.0 Transitional//EN"
    "http://www.w3.org/TR/xhtml1/DTD/xhtml1-transitional.dtd">
<html xmlns="http://www.w3.org/1999/xhtml" xml:lang="en" lang="en">
 <head>
  <title>
</title>
<meta http-equiv="Content-Type" content="text/html;charset=utf-8" />
  <meta name='ocr-system' content='tesseract 3.04.00' />
  <meta name='ocr-capabilities' content='ocr_page ocr_carea ocr_par ocr_line ocrx_word'/>
</head>
<body>
  <div class='ocr_page' id='page_1' title='image "./veterisgemmaeadc02vett_0314.png"; bbox 0 0 2550 3898; ppageno 0'>
   <div class='ocr_carea' id='block_1_1' title="bbox 317 284 2267 2374">
    <p class='ocr_par' dir='ltr' id='par_1_1' title="bbox 342 284 1664 345">
     <span class='ocr_line' id='line_1_1' title="bbox 342 284 1664 345; baseline -0.013 -8"><span class='ocrx_word' id='word_1_1' title='bbox 342 300 417 345; x_wconf 78' lang='lat'>70</span> <span class='ocrx_word' id='word_1_2' title='bbox 944 284 1664 327; x_wconf 72' lang='lat' dir='ltr'>DISSERTATIO</span> 
     </span>
    </p>

    <p class='ocr_par' dir='ltr' id='par_1_2' title="bbox 330 338 2257 904">
     <span class='ocr_line' id='line_1_2' title="bbox 334 338 2250 432; baseline -0.005 -23"><span class='ocrx_word' id='word_1_3' title='bbox 334 353 691 432; x_wconf 75' lang='lat' dir='ltr'>prosequatur</span> <span class='ocrx_word' id='word_1_4' title='bbox 714 388 728 410; x_wconf 92' lang='lat'><strong><em>,</em></strong></span> <span class='ocrx_word' id='word_1_5' title='bbox 769 349 827 404; x_wconf 83' lang='lat'>&amp;</span> <span class='ocrx_word' id='word_1_6' title='bbox 849 348 926 403; x_wconf 89' lang='lat' dir='ltr'>ibi</span> <span class='ocrx_word' id='word_1_7' title='bbox 961 347 1196 405; x_wconf 83' lang='lat' dir='ltr'>secundo</span> <span class='ocrx_word' id='word_1_8' title='bbox 1235 347 1433 420; x_wconf 87' lang='lat' dir='ltr'>incipit</span> <span class='ocrx_word' id='word_1_9' title='bbox 1453 364 1635 418; x_wconf 81' lang='lat' dir='ltr'>agrurn</span> <span class='ocrx_word' id='word_1_10' title='bbox 1674 338 1908 399; x_wconf 81' lang='lat' dir='ltr'>sulcare.</span> <span class='ocrx_word' id='word_1_11' title='bbox 1953 343 2044 397; x_wconf 88' lang='lat' dir='ltr'>ubi</span> <span class='ocrx_word' id='word_1_12' title='bbox 2071 350 2250 418; x_wconf 86' lang='lat' dir='ltr'>primo</span> 
     </span>
     <span class='ocr_line' id='line_1_3' title="bbox 336 418 2256 496; baseline -0.005 -6"><span class='ocrx_word' id='word_1_13' title='bbox 336 431 588 492; x_wconf 80' lang='lat' dir='ltr'>deflerat,</span> <span class='ocrx_word' id='word_1_14' title='bbox 632 442 826 484; x_wconf 82' lang='lat' dir='ltr'>contra</span> <span class='ocrx_word' id='word_1_15' title='bbox 865 428 1116 484; x_wconf 86' lang='lat' dir='ltr'>ducendo</span> <span class='ocrx_word' id='word_1_16' title='bbox 1154 429 1317 481; x_wconf 83' lang='lat' dir='ltr'>boves</span> <span class='ocrx_word' id='word_1_17' title='bbox 1348 467 1362 480; x_wconf 89' lang='lat'><strong>.</strong></span> <span class='ocrx_word' id='word_1_18' title='bbox 1410 426 1495 477; x_wconf 78' lang='lat' dir='ltr'>Ita</span> <span class='ocrx_word' id='word_1_19' title='bbox 1536 424 1737 496; x_wconf 87' lang='lat' dir='ltr'>primus</span> <span class='ocrx_word' id='word_1_20' title='bbox 1777 418 1949 477; x_wconf 86' lang='lat' dir='ltr'>sulcus</span> <span class='ocrx_word' id='word_1_21' title='bbox 1989 443 2017 476; x_wconf 83' lang='lat' dir='ltr'>a</span> <span class='ocrx_word' id='word_1_22' title='bbox 2060 421 2256 480; x_wconf 82' lang='lat' dir='ltr'>finistra</span> 
     </span>
     <span class='ocr_line' id='line_1_4' title="bbox 330 495 2257 568; baseline -0.006 0"><span class='ocrx_word' id='word_1_23' title='bbox 330 513 602 568; x_wconf 80' lang='lat' dir='ltr'>dexteram</span> <span class='ocrx_word' id='word_1_24' title='bbox 625 504 802 561; x_wconf 81' lang='lat' dir='ltr'>versus</span> <span class='ocrx_word' id='word_1_25' title='bbox 833 505 1053 560; x_wconf 84' lang='lat' dir='ltr'><strong>ducitur</strong></span> <span class='ocrx_word' id='word_1_26' title='bbox 1080 528 1093 567; x_wconf 83' lang='lat'><em>3</em></span> <span class='ocrx_word' id='word_1_27' title='bbox 1137 503 1395 560; x_wconf 85' lang='lat' dir='ltr'>secundus</span> <span class='ocrx_word' id='word_1_28' title='bbox 1415 521 1445 555; x_wconf 85' lang='lat' dir='ltr'>a</span> <span class='ocrx_word' id='word_1_29' title='bbox 1463 502 1686 555; x_wconf 82' lang='lat' dir='ltr'>dextera</span> <span class='ocrx_word' id='word_1_30' title='bbox 1705 500 1770 552; x_wconf 87' lang='lat' dir='ltr'>ad</span> <span class='ocrx_word' id='word_1_31' title='bbox 1792 495 2041 557; x_wconf 82' lang='lat' dir='ltr'>finistrarn</span> <span class='ocrx_word' id='word_1_32' title='bbox 2066 546 2076 556; x_wconf 92' lang='lat'><strong>.</strong></span> <span class='ocrx_word' id='word_1_33' title='bbox 2123 502 2257 559; x_wconf 88' lang='lat' dir='ltr'>Ter-</span> 
     </span>
     <span class='ocr_line' id='line_1_5' title="bbox 335 580 2257 658; baseline -0.005 -12"><span class='ocrx_word' id='word_1_34' title='bbox 335 594 444 645; x_wconf 86' lang='lat' dir='ltr'>tius</span> <span class='ocrx_word' id='word_1_35' title='bbox 469 610 497 642; x_wconf 86' lang='lat' dir='ltr'>a</span> <span class='ocrx_word' id='word_1_36' title='bbox 524 584 717 639; x_wconf 75' lang='lat' dir='ltr'>sinistra</span> <span class='ocrx_word' id='word_1_37' title='bbox 738 585 803 637; x_wconf 82' lang='lat' dir='ltr'>ad</span> <span class='ocrx_word' id='word_1_38' title='bbox 832 585 1107 639; x_wconf 84' lang='lat' dir='ltr'>dexteram</span> <span class='ocrx_word' id='word_1_39' title='bbox 1146 599 1207 638; x_wconf 88' lang='lat' dir='ltr'>ut</span> <span class='ocrx_word' id='word_1_40' title='bbox 1230 584 1432 658; x_wconf 84' lang='lat' dir='ltr'>primus</span> <span class='ocrx_word' id='word_1_41' title='bbox 1458 603 1469 639; x_wconf 90' lang='grc'><strong>;</strong></span> <span class='ocrx_word' id='word_1_42' title='bbox 1510 594 1735 654; x_wconf 85' lang='lat' dir='ltr'>quartus</span> <span class='ocrx_word' id='word_1_43' title='bbox 1758 596 1885 631; x_wconf 88' lang='lat' dir='ltr'>vero</span> <span class='ocrx_word' id='word_1_44' title='bbox 1906 598 1934 630; x_wconf 84' lang='lat' dir='ltr'>a</span> <span class='ocrx_word' id='word_1_45' title='bbox 1956 580 2170 635; x_wconf 82' lang='lat' dir='ltr'>dextera</span> <span class='ocrx_word' id='word_1_46' title='bbox 2192 583 2257 637; x_wconf 85' lang='lat' dir='ltr'>ad</span> 
     </span>
     <span class='ocr_line' id='line_1_6' title="bbox 333 653 2254 732; baseline -0.007 -10"><span class='ocrx_word' id='word_1_47' title='bbox 333 667 582 724; x_wconf 79' lang='lat' dir='ltr'>finistram</span> <span class='ocrx_word' id='word_1_48' title='bbox 612 704 626 722; x_wconf 92' lang='lat'>‚</span> <span class='ocrx_word' id='word_1_49' title='bbox 670 661 1062 724; x_wconf 74' lang='lat' dir='ltr'>utsecundus3</span> <span class='ocrx_word' id='word_1_50' title='bbox 1106 664 1164 716; x_wconf 74' lang='grc' dir='ltr'>ὃ(</span> <span class='ocrx_word' id='word_1_51' title='bbox 1197 662 1304 715; x_wconf 90' lang='lat' dir='ltr'>hoc</span> <span class='ocrx_word' id='word_1_52' title='bbox 1329 659 1519 714; x_wconf 83' lang='lat' dir='ltr'><strong>ordine</strong></span> <span class='ocrx_word' id='word_1_53' title='bbox 1543 673 1604 712; x_wconf 88' lang='lat' dir='ltr'>ut</span> <span class='ocrx_word' id='word_1_54' title='bbox 1644 672 1793 711; x_wconf 88' lang='lat' dir='ltr'>totus</span> <span class='ocrx_word' id='word_1_55' title='bbox 1824 653 2061 710; x_wconf 79' lang='lat' dir='ltr'>sulcatur</span> <span class='ocrx_word' id='word_1_56' title='bbox 2097 679 2254 732; x_wconf 80' lang='lat' dir='ltr'>ager,</span> 
     </span>
     <span class='ocr_line' id='line_1_7' title="bbox 335 735 2257 817; baseline -0.005 -18"><span class='ocrx_word' id='word_1_57' title='bbox 335 749 412 800; x_wconf 82' lang='lat' dir='ltr'>ita</span> <span class='ocrx_word' id='word_1_58' title='bbox 435 742 696 817; x_wconf 85' lang='lat' dir='ltr'>scriptura</span> <span class='ocrx_word' id='word_1_59' title='bbox 738 740 1040 815; x_wconf 81' lang='lat' dir='ltr'>implebant</span> <span class='ocrx_word' id='word_1_60' title='bbox 1079 743 1341 814; x_wconf 80' lang='lat' dir='ltr'>paginas:</span> <span class='ocrx_word' id='word_1_61' title='bbox 1385 746 1498 812; x_wconf 72' lang='lat' dir='ltr'>qum</span> <span class='ocrx_word' id='word_1_62' title='bbox 1516 739 1588 808; x_wconf 83' lang='lat' dir='ltr'>fic</span> <span class='ocrx_word' id='word_1_63' title='bbox 1611 735 1881 810; x_wconf 62' lang='lat' dir='ltr'>scribebant</span> <span class='ocrx_word' id='word_1_64' title='bbox 1912 743 2133 808; x_wconf 75' lang='lat' dir='ltr'>antiqui,</span> <span class='ocrx_word' id='word_1_65' title='bbox 2176 741 2257 792; x_wconf 87' lang='lat' dir='ltr'>in-</span> 
     </span>
     <span class='ocr_line' id='line_1_8' title="bbox 338 819 1386 904; baseline -0.007 -28"><span class='ocrx_word' id='word_1_66' title='bbox 338 823 462 904; x_wconf 72' lang='lat' dir='ltr'>quit</span> <span class='ocrx_word' id='word_1_67' title='bbox 483 819 708 876; x_wconf 83' lang='lat' dir='ltr'>Isidorus</span> <span class='ocrx_word' id='word_1_68' title='bbox 733 823 811 888; x_wconf 86' lang='lat'>(1)</span> <span class='ocrx_word' id='word_1_69' title='bbox 837 857 848 875; x_wconf 88' lang='lat'>‚</span> <span class='ocrx_word' id='word_1_70' title='bbox 879 821 1007 889; x_wconf 77' lang='lat' dir='ltr'>ficut</span> <span class='ocrx_word' id='word_1_71' title='bbox 1030 834 1202 871; x_wconf 73' lang='lat' dir='ltr'>aratur</span> <span class='ocrx_word' id='word_1_72' title='bbox 1223 834 1355 871; x_wconf 68' lang='lat' dir='ltr'>terra</span> <span class='ocrx_word' id='word_1_73' title='bbox 1374 857 1386 868; x_wconf 84' lang='lat'><strong>.</strong></span> 
     </span>
    </p>

    <p class='ocr_par' dir='ltr' id='par_1_3' title="bbox 323 890 2266 1907">
     <span class='ocr_line' id='line_1_9' title="bbox 484 890 2260 968; baseline -0.004 -14"><span class='ocrx_word' id='word_1_74' title='bbox 484 902 546 955; x_wconf 87' lang='lat' dir='ltr'>In</span> <span class='ocrx_word' id='word_1_75' title='bbox 576 899 776 952; x_wconf 85' lang='lat' dir='ltr'>summa</span> <span class='ocrx_word' id='word_1_76' title='bbox 801 894 1154 950; x_wconf 81' lang='lat' dir='ltr'>Numismatis</span> <span class='ocrx_word' id='word_1_77' title='bbox 1194 892 1504 968; x_wconf 78' lang='lat' dir='ltr'>peripheria</span> <span class='ocrx_word' id='word_1_78' title='bbox 1525 912 1709 947; x_wconf 84' lang='lat' dir='ltr'>manus</span> <span class='ocrx_word' id='word_1_79' title='bbox 1734 890 2072 966; x_wconf 81' lang='lat' dir='ltr'>conspicitur</span> <span class='ocrx_word' id='word_1_80' title='bbox 2097 913 2260 947; x_wconf 88' lang='lat' dir='ltr'>coro-</span> 
     </span>
     <span class='ocr_line' id='line_1_10' title="bbox 331 969 2260 1044; baseline -0.004 -12"><span class='ocrx_word' id='word_1_81' title='bbox 331 997 452 1033; x_wconf 84' lang='lat' dir='ltr'>nam</span> <span class='ocrx_word' id='word_1_82' title='bbox 479 976 737 1032; x_wconf 83' lang='lat' dir='ltr'>exhibens</span> <span class='ocrx_word' id='word_1_83' title='bbox 761 1013 772 1029; x_wconf 92' lang='lat'>‚</span> <span class='ocrx_word' id='word_1_84' title='bbox 814 971 914 1027; x_wconf 86' lang='lat' dir='ltr'>five</span> <span class='ocrx_word' id='word_1_85' title='bbox 938 969 1177 1027; x_wconf 86' lang='lat' dir='ltr'>deferens</span> <span class='ocrx_word' id='word_1_86' title='bbox 1208 1013 1217 1023; x_wconf 91' lang='lat'><strong>.</strong></span> <span class='ocrx_word' id='word_1_87' title='bbox 1264 973 1348 1025; x_wconf 85' lang='lat' dir='ltr'>De</span> <span class='ocrx_word' id='word_1_88' title='bbox 1369 989 1477 1044; x_wconf 84' lang='lat' dir='ltr'>qua</span> <span class='ocrx_word' id='word_1_89' title='bbox 1501 972 1720 1044; x_wconf 86' lang='lat' dir='ltr'>quidem</span> <span class='ocrx_word' id='word_1_90' title='bbox 1743 975 1954 1024; x_wconf 80' lang='lat' dir='ltr'>constat</span> <span class='ocrx_word' id='word_1_91' title='bbox 1982 974 2260 1044; x_wconf 84' lang='lat' dir='ltr'>praemium</span> 
     </span>
     <span class='ocr_line' id='line_1_11' title="bbox 332 1047 2259 1125; baseline -0.004 -14"><span class='ocrx_word' id='word_1_92' title='bbox 332 1055 648 1111; x_wconf 81' lang='lat' dir='ltr'>certaminis</span> <span class='ocrx_word' id='word_1_93' title='bbox 674 1048 971 1125; x_wconf 76' lang='lat' dir='ltr'>designari,</span> <span class='ocrx_word' id='word_1_94' title='bbox 1013 1065 1177 1124; x_wconf 83' lang='lat' dir='ltr'>atque</span> <span class='ocrx_word' id='word_1_95' title='bbox 1218 1047 1425 1103; x_wconf 86' lang='lat' dir='ltr'>ostendi</span> <span class='ocrx_word' id='word_1_96' title='bbox 1468 1047 1654 1102; x_wconf 74' lang='lat' dir='ltr'>sancsto</span> <span class='ocrx_word' id='word_1_97' title='bbox 1679 1050 1908 1122; x_wconf 84' lang='lat' dir='ltr'>Martyri</span> <span class='ocrx_word' id='word_1_98' title='bbox 1948 1068 2259 1105; x_wconf 78' lang='lat' dir='ltr'>LAVRENTIO</span> 
     </span>
     <span class='ocr_line' id='line_1_12' title="bbox 333 1124 2260 1200; baseline -0.004 -11"><span class='ocrx_word' id='word_1_99' title='bbox 333 1155 361 1189; x_wconf 85' lang='lat' dir='ltr'>e</span> <span class='ocrx_word' id='word_1_100' title='bbox 395 1134 534 1189; x_wconf 82' lang='lat' dir='ltr'>caelo</span> <span class='ocrx_word' id='word_1_101' title='bbox 570 1130 777 1187; x_wconf 71' lang='lat' dir='ltr'>missum</span> <span class='ocrx_word' id='word_1_102' title='bbox 819 1149 848 1184; x_wconf 81' lang='lat' dir='ltr'>a</span> <span class='ocrx_word' id='word_1_103' title='bbox 891 1148 1113 1184; x_wconf 62' lang='lat' dir='ltr'>DOMINO</span> <span class='ocrx_word' id='word_1_104' title='bbox 1139 1167 1152 1187; x_wconf 92' lang='lat'>‚</span> <span class='ocrx_word' id='word_1_105' title='bbox 1196 1124 1496 1200; x_wconf 84' lang='lat' dir='ltr'>cujusmodi</span> <span class='ocrx_word' id='word_1_106' title='bbox 1536 1126 1805 1181; x_wconf 81' lang='lat' dir='ltr'>nonnulla</span> <span class='ocrx_word' id='word_1_107' title='bbox 1844 1125 2017 1180; x_wconf 82' lang='lat' dir='ltr'>adhuc</span> <span class='ocrx_word' id='word_1_108' title='bbox 2057 1127 2260 1181; x_wconf 81' lang='lat' dir='ltr'>exstant</span> 
     </span>
     <span class='ocr_line' id='line_1_13' title="bbox 333 1203 2258 1287; baseline -0.005 -19"><span class='ocrx_word' id='word_1_109' title='bbox 333 1210 587 1287; x_wconf 81' lang='lat' dir='ltr'>exempla</span> <span class='ocrx_word' id='word_1_110' title='bbox 626 1213 680 1264; x_wconf 89' lang='lat' dir='ltr'>in</span> <span class='ocrx_word' id='word_1_111' title='bbox 723 1207 1113 1263; x_wconf 81' lang='lat' dir='ltr'>vetustioribus</span> <span class='ocrx_word' id='word_1_112' title='bbox 1154 1204 1365 1262; x_wconf 76' lang='lat' dir='ltr'>musivis</span> <span class='ocrx_word' id='word_1_113' title='bbox 1408 1206 1666 1280; x_wconf 88' lang='lat' dir='ltr'>operibus</span> <span class='ocrx_word' id='word_1_114' title='bbox 1690 1225 1717 1257; x_wconf 86' lang='lat' dir='ltr'>a</span> <span class='ocrx_word' id='word_1_115' title='bbox 1756 1203 1908 1258; x_wconf 83' lang='lat' dir='ltr'>claro</span> <span class='ocrx_word' id='word_1_116' title='bbox 1942 1205 2258 1280; x_wconf 81' lang='lat' dir='ltr'>Ciampinio</span> 
     </span>
     <span class='ocr_line' id='line_1_14' title="bbox 328 1280 2264 1357; baseline -0.004 -12"><span class='ocrx_word' id='word_1_117' title='bbox 328 1290 610 1345; x_wconf 84' lang='lat' dir='ltr'>illustratis</span> <span class='ocrx_word' id='word_1_118' title='bbox 638 1291 718 1356; x_wconf 85' lang='lat'>(2)</span> <span class='ocrx_word' id='word_1_119' title='bbox 741 1330 752 1339; x_wconf 92' lang='lat'>.</span> <span class='ocrx_word' id='word_1_120' title='bbox 775 1355 777 1357; x_wconf 21' lang='grc' dir='ltr'>Ι</span> <span class='ocrx_word' id='word_1_121' title='bbox 801 1286 1022 1341; x_wconf 81' lang='lat' dir='ltr'>Accede</span> <span class='ocrx_word' id='word_1_122' title='bbox 1044 1326 1056 1345; x_wconf 93' lang='lat'><strong>,</strong></span> <span class='ocrx_word' id='word_1_123' title='bbox 1077 1283 1111 1339; x_wconf 86' lang='lat' dir='ltr'>fi</span> <span class='ocrx_word' id='word_1_124' title='bbox 1133 1284 1286 1339; x_wconf 87' lang='lat' dir='ltr'>lubet</span> <span class='ocrx_word' id='word_1_125' title='bbox 1313 1324 1325 1343; x_wconf 94' lang='lat'>,</span> <span class='ocrx_word' id='word_1_126' title='bbox 1351 1284 1415 1337; x_wconf 81' lang='lat' dir='ltr'>ad</span> <span class='ocrx_word' id='word_1_127' title='bbox 1437 1284 1616 1337; x_wconf 86' lang='lat' dir='ltr'>AEdem</span> <span class='ocrx_word' id='word_1_128' title='bbox 1640 1281 1837 1337; x_wconf 82' lang='lat' dir='ltr'>sacram</span> <span class='ocrx_word' id='word_1_129' title='bbox 1864 1303 1891 1335; x_wconf 85' lang='lat' dir='ltr'>a</span> <span class='ocrx_word' id='word_1_130' title='bbox 1910 1280 2098 1336; x_wconf 65' lang='lat' dir='ltr'>sanctis</span> <span class='ocrx_word' id='word_1_131' title='bbox 2129 1281 2264 1337; x_wconf 87' lang='lat' dir='ltr'>Cos-</span> 
     </span>
     <span class='ocr_line' id='line_1_15' title="bbox 327 1361 2262 1438; baseline -0.005 -14"><span class='ocrx_word' id='word_1_132' title='bbox 327 1389 414 1424; x_wconf 79' lang='lat' dir='ltr'>ma</span> <span class='ocrx_word' id='word_1_133' title='bbox 450 1370 508 1422; x_wconf 70' lang='grc' dir='ltr'>ὅ(</span> <span class='ocrx_word' id='word_1_134' title='bbox 551 1368 818 1421; x_wconf 83' lang='lat' dir='ltr'>Damiano</span> <span class='ocrx_word' id='word_1_135' title='bbox 862 1364 1196 1438; x_wconf 87' lang='lat' dir='ltr'>Martyribus</span> <span class='ocrx_word' id='word_1_136' title='bbox 1247 1377 1614 1435; x_wconf 84' lang='lat' dir='ltr'>nuncupatam</span> <span class='ocrx_word' id='word_1_137' title='bbox 1656 1365 1734 1432; x_wconf 81' lang='lat'>(3)</span> <span class='ocrx_word' id='word_1_138' title='bbox 1777 1384 1790 1422; x_wconf 89' lang='lat'>;</span> <span class='ocrx_word' id='word_1_139' title='bbox 1851 1364 1924 1414; x_wconf 81' lang='lat' dir='ltr'>ita</span> <span class='ocrx_word' id='word_1_140' title='bbox 1963 1363 2163 1434; x_wconf 78' lang='lat' dir='ltr'>pariter</span> <span class='ocrx_word' id='word_1_141' title='bbox 2199 1361 2262 1415; x_wconf 85' lang='lat' dir='ltr'>ad</span> 
     </span>
     <span class='ocr_line' id='line_1_16' title="bbox 329 1437 2262 1516; baseline -0.005 -16"><span class='ocrx_word' id='word_1_142' title='bbox 329 1446 514 1500; x_wconf 80' lang='lat' dir='ltr'>AEdem</span> <span class='ocrx_word' id='word_1_143' title='bbox 536 1442 723 1498; x_wconf 71' lang='lat' dir='ltr'>sanc&#39;tae</span> <span class='ocrx_word' id='word_1_144' title='bbox 748 1443 975 1516; x_wconf 81' lang='lat' dir='ltr'>Agnetis</span> <span class='ocrx_word' id='word_1_145' title='bbox 1015 1456 1167 1495; x_wconf 83' lang='lat' dir='ltr'>extra</span> <span class='ocrx_word' id='word_1_146' title='bbox 1191 1439 1357 1494; x_wconf 87' lang='lat' dir='ltr'>Urbis</span> <span class='ocrx_word' id='word_1_147' title='bbox 1385 1458 1566 1492; x_wconf 87' lang='lat' dir='ltr'>muros</span> <span class='ocrx_word' id='word_1_148' title='bbox 1600 1444 1676 1506; x_wconf 71' lang='lat'>(4)</span> <span class='ocrx_word' id='word_1_149' title='bbox 1703 1477 1717 1497; x_wconf 88' lang='lat'><strong><em>,</em></strong></span> <span class='ocrx_word' id='word_1_150' title='bbox 1758 1437 1921 1492; x_wconf 66' lang='lat' dir='ltr'>sancti</span> <span class='ocrx_word' id='word_1_151' title='bbox 1947 1441 2118 1493; x_wconf 84' lang='lat' dir='ltr'>Marci</span> <span class='ocrx_word' id='word_1_152' title='bbox 2145 1445 2222 1508; x_wconf 77' lang='grc' dir='ltr'>(ς)</span> <span class='ocrx_word' id='word_1_153' title='bbox 2248 1480 2262 1501; x_wconf 88' lang='grc'><strong><em>,</em></strong></span> 
     </span>
     <span class='ocr_line' id='line_1_17' title="bbox 327 1514 2266 1588; baseline -0.004 -12"><span class='ocrx_word' id='word_1_154' title='bbox 327 1521 519 1577; x_wconf 64' lang='lat' dir='ltr'>sanctae</span> <span class='ocrx_word' id='word_1_155' title='bbox 560 1520 814 1574; x_wconf 78' lang='lat' dir='ltr'>Praxedis</span> <span class='ocrx_word' id='word_1_156' title='bbox 857 1523 934 1588; x_wconf 86' lang='lat'>(6)</span> <span class='ocrx_word' id='word_1_157' title='bbox 969 1558 984 1580; x_wconf 92' lang='lat'><strong>,</strong></span> <span class='ocrx_word' id='word_1_158' title='bbox 1027 1516 1217 1572; x_wconf 71' lang='lat' dir='ltr'>sanc‘tae</span> <span class='ocrx_word' id='word_1_159' title='bbox 1261 1515 1499 1571; x_wconf 78' lang='lat' dir='ltr'>Caeciliae</span> <span class='ocrx_word' id='word_1_160' title='bbox 1545 1522 1623 1583; x_wconf 80' lang='lat'>(7)</span> <span class='ocrx_word' id='word_1_161' title='bbox 1651 1555 1662 1573; x_wconf 90' lang='lat'>‚</span> <span class='ocrx_word' id='word_1_162' title='bbox 1708 1514 1894 1571; x_wconf 46' lang='lat' dir='ltr'>sancfrae</span> <span class='ocrx_word' id='word_1_163' title='bbox 1932 1518 2118 1570; x_wconf 76' lang='lat' dir='ltr'>Mariae</span> <span class='ocrx_word' id='word_1_164' title='bbox 2146 1518 2266 1569; x_wconf 52' lang='lat' dir='ltr'>N»-</span> 
     </span>
     <span class='ocr_line' id='line_1_18' title="bbox 327 1592 2261 1671; baseline -0.004 -16"><span class='ocrx_word' id='word_1_165' title='bbox 327 1620 406 1657; x_wconf 76' lang='lat' dir='ltr'>‘vae</span> <span class='ocrx_word' id='word_1_166' title='bbox 430 1604 507 1671; x_wconf 89' lang='lat'>(8)</span> <span class='ocrx_word' id='word_1_167' title='bbox 531 1640 546 1661; x_wconf 89' lang='lat'>,</span> <span class='ocrx_word' id='word_1_168' title='bbox 575 1612 635 1651; x_wconf 84' lang='lat' dir='ltr'>ut</span> <span class='ocrx_word' id='word_1_169' title='bbox 660 1596 854 1669; x_wconf 82' lang='lat' dir='ltr'>vulgus</span> <span class='ocrx_word' id='word_1_170' title='bbox 877 1593 1122 1669; x_wconf 82' lang='lat' dir='ltr'>appellat</span> <span class='ocrx_word' id='word_1_171' title='bbox 1143 1596 1421 1666; x_wconf 82' lang='lat' dir='ltr'>antiquam</span> <span class='ocrx_word' id='word_1_172' title='bbox 1445 1593 1592 1646; x_wconf 87' lang='lat' dir='ltr'>illam</span> <span class='ocrx_word' id='word_1_173' title='bbox 1614 1592 1894 1648; x_wconf 78' lang='lat' dir='ltr'>Ecclesiam</span> <span class='ocrx_word' id='word_1_174' title='bbox 1917 1613 2022 1647; x_wconf 76' lang='lat' dir='ltr'>DEo</span> <span class='ocrx_word' id='word_1_175' title='bbox 2047 1593 2261 1656; x_wconf 78' lang='lat' dir='ltr'>sacram,</span> 
     </span>
     <span class='ocr_line' id='line_1_19' title="bbox 323 1669 2265 1743; baseline -0.003 -11"><span class='ocrx_word' id='word_1_176' title='bbox 323 1680 380 1732; x_wconf 80' lang='lat' dir='ltr'>:in</span> <span class='ocrx_word' id='word_1_177' title='bbox 409 1678 675 1731; x_wconf 87' lang='lat' dir='ltr'>honorem</span> <span class='ocrx_word' id='word_1_178' title='bbox 721 1674 887 1726; x_wconf 83' lang='lat' dir='ltr'>beatae</span> <span class='ocrx_word' id='word_1_179' title='bbox 912 1688 1130 1726; x_wconf 75' lang='lat' dir='ltr'>MARIAE</span> <span class='ocrx_word' id='word_1_180' title='bbox 1152 1672 1396 1743; x_wconf 81' lang='lat' dir='ltr'>Virginis</span> <span class='ocrx_word' id='word_1_181' title='bbox 1425 1669 1775 1723; x_wconf 70' lang='lat' dir='ltr'>exstrucstam.</span> <span class='ocrx_word' id='word_1_182' title='bbox 1825 1671 2076 1724; x_wconf 66' lang='lat' dir='ltr'>Profecto</span> <span class='ocrx_word' id='word_1_183' title='bbox 2098 1673 2151 1723; x_wconf 90' lang='lat' dir='ltr'>in</span> <span class='ocrx_word' id='word_1_184' title='bbox 2177 1672 2265 1727; x_wconf 90' lang='lat' dir='ltr'>de-</span> 
     </span>
     <span class='ocr_line' id='line_1_20' title="bbox 323 1746 2263 1830; baseline -0.003 -20"><span class='ocrx_word' id='word_1_185' title='bbox 323 1754 539 1830; x_wconf 83' lang='lat' dir='ltr'>fignatis</span> <span class='ocrx_word' id='word_1_186' title='bbox 582 1751 741 1807; x_wconf 83' lang='lat' dir='ltr'>sacris</span> <span class='ocrx_word' id='word_1_187' title='bbox 767 1751 990 1805; x_wconf 82' lang='lat' dir='ltr'>AEdibus</span> <span class='ocrx_word' id='word_1_188' title='bbox 1016 1788 1030 1811; x_wconf 92' lang='lat'>‚</span> <span class='ocrx_word' id='word_1_189' title='bbox 1069 1746 1156 1804; x_wconf 87' lang='lat' dir='ltr'>sed</span> <span class='ocrx_word' id='word_1_190' title='bbox 1178 1749 1235 1802; x_wconf 83' lang='lat'>&amp;</span> <span class='ocrx_word' id='word_1_191' title='bbox 1257 1746 1389 1802; x_wconf 84' lang='lat' dir='ltr'>alibi</span> <span class='ocrx_word' id='word_1_192' title='bbox 1435 1768 1660 1823; x_wconf 78' lang='lat' dir='ltr'>quoque</span> <span class='ocrx_word' id='word_1_193' title='bbox 1695 1750 1750 1802; x_wconf 89' lang='lat' dir='ltr'>in</span> <span class='ocrx_word' id='word_1_194' title='bbox 1772 1750 1920 1803; x_wconf 85' lang='lat' dir='ltr'>Urbe</span> <span class='ocrx_word' id='word_1_195' title='bbox 1960 1748 2099 1803; x_wconf 88' lang='lat' dir='ltr'>illud</span> <span class='ocrx_word' id='word_1_196' title='bbox 2123 1749 2263 1805; x_wconf 89' lang='lat' dir='ltr'>idem</span> 
     </span>
     <span class='ocr_line' id='line_1_21' title="bbox 323 1829 868 1907; baseline -0.006 -21"><span class='ocrx_word' id='word_1_197' title='bbox 323 1829 534 1907; x_wconf 74' lang='lat' dir='ltr'>lignum</span> <span class='ocrx_word' id='word_1_198' title='bbox 558 1831 834 1886; x_wconf 87' lang='lat' dir='ltr'>invenitur</span> <span class='ocrx_word' id='word_1_199' title='bbox 856 1872 868 1883; x_wconf 87' lang='lat'><strong>.</strong></span> 
     </span>
    </p>

    <p class='ocr_par' dir='ltr' id='par_1_4' title="bbox 317 1906 2267 2374">
     <span class='ocr_line' id='line_1_22' title="bbox 483 1906 2262 1984; baseline -0.001 -19"><span class='ocrx_word' id='word_1_200' title='bbox 483 1909 810 1965; x_wconf 88' lang='lat' dir='ltr'>Prudentius</span> <span class='ocrx_word' id='word_1_201' title='bbox 833 1910 886 1962; x_wconf 88' lang='lat' dir='ltr'>in</span> <span class='ocrx_word' id='word_1_202' title='bbox 911 1910 1132 1984; x_wconf 83' lang='lat' dir='ltr'>Hymno</span> <span class='ocrx_word' id='word_1_203' title='bbox 1170 1925 1433 1961; x_wconf 84' lang='lat' dir='ltr'>coronam</span> <span class='ocrx_word' id='word_1_204' title='bbox 1473 1907 1702 1960; x_wconf 85' lang='lat' dir='ltr'>civicam</span> <span class='ocrx_word' id='word_1_205' title='bbox 1744 1906 1922 1962; x_wconf 70' lang='lat' dir='ltr'>sancto</span> <span class='ocrx_word' id='word_1_206' title='bbox 1950 1926 2262 1963; x_wconf 54' lang='lat' dir='ltr'>Lavnru‘rio</span> 
     </span>
     <span class='ocr_line' id='line_1_23' title="bbox 331 1984 2267 2059; baseline -0.002 -15"><span class='ocrx_word' id='word_1_207' title='bbox 331 1989 603 2045; x_wconf 73' lang='lat' dir='ltr'>adtribuit</span> <span class='ocrx_word' id='word_1_208' title='bbox 649 1993 730 2055; x_wconf 89' lang='lat'>(9)</span> <span class='ocrx_word' id='word_1_209' title='bbox 761 2029 773 2042; x_wconf 89' lang='lat'>.</span> <span class='ocrx_word' id='word_1_210' title='bbox 821 1984 1200 2041; x_wconf 82' lang='lat' dir='ltr'>Tertullianus</span> <span class='ocrx_word' id='word_1_211' title='bbox 1241 1984 1304 2038; x_wconf 89' lang='lat' dir='ltr'>de</span> <span class='ocrx_word' id='word_1_212' title='bbox 1343 1984 1485 2037; x_wconf 88' lang='lat' dir='ltr'>ludis</span> <span class='ocrx_word' id='word_1_213' title='bbox 1520 1984 1800 2039; x_wconf 79' lang='lat' dir='ltr'>edifferens</span> <span class='ocrx_word' id='word_1_214' title='bbox 1843 2026 1855 2044; x_wconf 92' lang='lat'><strong>,</strong></span> <span class='ocrx_word' id='word_1_215' title='bbox 1901 1986 1953 2037; x_wconf 91' lang='lat' dir='ltr'>in</span> <span class='ocrx_word' id='word_1_216' title='bbox 1995 1987 2195 2059; x_wconf 88' lang='lat' dir='ltr'>quibus</span> <span class='ocrx_word' id='word_1_217' title='bbox 2238 2007 2267 2041; x_wconf 85' lang='lat' dir='ltr'>a</span> 
     </span>
     <span class='ocr_line' id='line_1_24' title="bbox 325 2058 2260 2142; baseline 0 -22"><span class='ocrx_word' id='word_1_218' title='bbox 325 2066 683 2142; x_wconf 88' lang='lat' dir='ltr'>Principibus</span> <span class='ocrx_word' id='word_1_219' title='bbox 707 2063 1079 2139; x_wconf 81' lang='lat' dir='ltr'>Agonothetis</span> <span class='ocrx_word' id='word_1_220' title='bbox 1106 2104 1120 2125; x_wconf 91' lang='lat'>,</span> <span class='ocrx_word' id='word_1_221' title='bbox 1163 2063 1440 2116; x_wconf 86' lang='lat' dir='ltr'>Brabeutis</span> <span class='ocrx_word' id='word_1_222' title='bbox 1467 2100 1482 2122; x_wconf 93' lang='lat'>‚</span> <span class='ocrx_word' id='word_1_223' title='bbox 1522 2058 1620 2115; x_wconf 80' lang='lat' dir='ltr'>sive</span> <span class='ocrx_word' id='word_1_224' title='bbox 1666 2063 1921 2117; x_wconf 87' lang='lat' dir='ltr'>ludorum</span> <span class='ocrx_word' id='word_1_225' title='bbox 1953 2061 2260 2121; x_wconf 78' lang='lat' dir='ltr'>Praefidibus</span> 
     </span>
     <span class='ocr_line' id='line_1_25' title="bbox 323 2140 2260 2215; baseline -0.001 -17"><span class='ocrx_word' id='word_1_226' title='bbox 323 2146 560 2198; x_wconf 60' lang='lat' dir='ltr'>victores</span> <span class='ocrx_word' id='word_1_227' title='bbox 581 2146 804 2198; x_wconf 86' lang='lat' dir='ltr'>coronis</span> <span class='ocrx_word' id='word_1_228' title='bbox 826 2144 1014 2197; x_wconf 87' lang='lat' dir='ltr'>donari</span> <span class='ocrx_word' id='word_1_229' title='bbox 1037 2140 1458 2198; x_wconf 85' lang='lat' dir='ltr'>consueverant:</span> <span class='ocrx_word' id='word_1_230' title='bbox 1499 2146 1652 2215; x_wconf 77' lang='lat' dir='ltr'>igitur</span> <span class='ocrx_word' id='word_1_231' title='bbox 1679 2182 1690 2199; x_wconf 90' lang='lat'>,</span> <span class='ocrx_word' id='word_1_232' title='bbox 1715 2144 1895 2215; x_wconf 81' lang='lat' dir='ltr'>inquit</span> <span class='ocrx_word' id='word_1_233' title='bbox 1924 2146 2038 2209; x_wconf 88' lang='lat'>(10)</span> <span class='ocrx_word' id='word_1_234' title='bbox 2065 2182 2077 2200; x_wconf 90' lang='lat'>‚</span> <span class='ocrx_word' id='word_1_235' title='bbox 2100 2145 2156 2202; x_wconf 56' lang='grc' dir='ltr'>ἔγ</span> <span class='ocrx_word' id='word_1_236' title='bbox 2179 2145 2260 2197; x_wconf 84' lang='lat' dir='ltr'>ho-</span> 
     </span>
     <span class='ocr_line' id='line_1_26' title="bbox 323 2218 2262 2294; baseline 0 -18"><span class='ocrx_word' id='word_1_237' title='bbox 323 2242 398 2276; x_wconf 82' lang='lat' dir='ltr'>mo</span> <span class='ocrx_word' id='word_1_238' title='bbox 423 2225 512 2294; x_wconf 79' lang='lat' dir='ltr'>ipse</span> <span class='ocrx_word' id='word_1_239' title='bbox 530 2242 558 2276; x_wconf 77' lang='lat' dir='ltr'>a</span> <span class='ocrx_word' id='word_1_240' title='bbox 586 2238 693 2275; x_wconf 83' lang='lat' dir='ltr'>DEO</span> <span class='ocrx_word' id='word_1_241' title='bbox 716 2224 999 2276; x_wconf 66' lang='lat' dir='ltr'>coronandus</span> <span class='ocrx_word' id='word_1_242' title='bbox 1020 2225 1110 2293; x_wconf 75' lang='lat' dir='ltr'>est.</span> <span class='ocrx_word' id='word_1_243' title='bbox 1158 2218 1415 2294; x_wconf 85' lang='lat' dir='ltr'>Equidem</span> <span class='ocrx_word' id='word_1_244' title='bbox 1438 2238 1467 2272; x_wconf 85' lang='lat' dir='ltr'>a</span> <span class='ocrx_word' id='word_1_245' title='bbox 1490 2239 1602 2274; x_wconf 84' lang='lat' dir='ltr'>DEO</span> <span class='ocrx_word' id='word_1_246' title='bbox 1638 2219 1981 2272; x_wconf 77' lang='lat' dir='ltr'>coronandus</span> <span class='ocrx_word' id='word_1_247' title='bbox 2013 2218 2130 2273; x_wconf 89' lang='lat' dir='ltr'>heic</span> <span class='ocrx_word' id='word_1_248' title='bbox 2167 2240 2262 2276; x_wconf 84' lang='lat' dir='ltr'>ex-</span> 
     </span>
     <span class='ocr_line' id='line_1_27' title="bbox 317 2296 2263 2374; baseline 0.001 -23"><span class='ocrx_word' id='word_1_249' title='bbox 317 2297 542 2354; x_wconf 85' lang='lat' dir='ltr'>hibetur</span> <span class='ocrx_word' id='word_1_250' title='bbox 584 2317 804 2354; x_wconf 68' lang='lat' dir='ltr'>cnarsrr</span> <span class='ocrx_word' id='word_1_251' title='bbox 851 2301 1060 2374; x_wconf 82' lang='lat' dir='ltr'>Martyr</span> <span class='ocrx_word' id='word_1_252' title='bbox 1099 2315 1438 2354; x_wconf 79' lang='lat' dir='ltr'>LAVRENT1VS</span> <span class='ocrx_word' id='word_1_253' title='bbox 1483 2317 1499 2358; x_wconf 82' lang='lat'>3</span> <span class='ocrx_word' id='word_1_254' title='bbox 1559 2314 1745 2350; x_wconf 84' lang='lat' dir='ltr'>manus</span> <span class='ocrx_word' id='word_1_255' title='bbox 1801 2299 1945 2351; x_wconf 87' lang='lat' dir='ltr'>enim</span> <span class='ocrx_word' id='word_1_256' title='bbox 1991 2296 2263 2352; x_wconf 80' lang='lat' dir='ltr'>dexteram</span> 
     </span>
    </p>
   </div>
   <div class='ocr_carea' id='block_1_2' title="bbox 318 2394 2261 3024">
    <p class='ocr_par' dir='ltr' id='par_1_5' title="bbox 318 2394 2261 3024">
     <span class='ocr_line' id='line_1_28' title="bbox 2163 2394 2261 2431; baseline -0.02 0"><span class='ocrx_word' id='word_1_257' title='bbox 2163 2394 2261 2431; x_wconf 85' lang='lat' dir='ltr'>DEI</span> 
     </span>
     <span class='ocr_line' id='line_1_29' title="bbox 370 2558 1698 2607; baseline -0.002 -11"><span class='ocrx_word' id='word_1_258' title='bbox 370 2565 426 2601; x_wconf 86' lang='grc' dir='ltr'>(ι)</span> <span class='ocrx_word' id='word_1_259' title='bbox 457 2561 644 2607; x_wconf 76' lang='lat' dir='ltr'>Originum</span> <span class='ocrx_word' id='word_1_260' title='bbox 660 2560 736 2594; x_wconf 81' lang='lat' dir='ltr'>Lib.</span> <span class='ocrx_word' id='word_1_261' title='bbox 752 2573 810 2594; x_wconf 85' lang='lat' dir='ltr'>v1.</span> <span class='ocrx_word' id='word_1_262' title='bbox 833 2564 919 2605; x_wconf 80' lang='lat' dir='ltr'>Cap·</span> <span class='ocrx_word' id='word_1_263' title='bbox 942 2570 1028 2594; x_wconf 78' lang='lat' dir='ltr'><strong>xxv·</strong></span> <span class='ocrx_word' id='word_1_264' title='bbox 1319 2558 1404 2593; x_wconf 83' lang='lat' dir='ltr'>Tab·</span> <span class='ocrx_word' id='word_1_265' title='bbox 1421 2572 1462 2595; x_wconf 78' lang='grc' dir='ltr'>ιι</span> <span class='ocrx_word' id='word_1_266' title='bbox 1478 2572 1509 2593; x_wconf 83' lang='lat'>1.</span> <span class='ocrx_word' id='word_1_267' title='bbox 1526 2572 1602 2606; x_wconf 81' lang='lat' dir='ltr'>pag.</span> <span class='ocrx_word' id='word_1_268' title='bbox 1620 2567 1698 2595; x_wconf 67' lang='grc' dir='ltr'>τσο.</span> 
     </span>
     <span class='ocr_line' id='line_1_30' title="bbox 367 2608 2250 2657; baseline -0.002 -11"><span class='ocrx_word' id='word_1_269' title='bbox 367 2619 422 2654; x_wconf 68' lang='grc'>(2)</span> <span class='ocrx_word' id='word_1_270' title='bbox 452 2618 556 2648; x_wconf 83' lang='lat' dir='ltr'>Parte</span> <span class='ocrx_word' id='word_1_271' title='bbox 577 2617 834 2646; x_wconf 71' lang='lat' dir='ltr'>x.&amp;1²arte11.</span> <span class='ocrx_word' id='word_1_272' title='bbox 1372 2613 1426 2650; x_wconf 80' lang='grc'>(8)</span> <span class='ocrx_word' id='word_1_273' title='bbox 1458 2608 1587 2645; x_wconf 76' lang='lat' dir='ltr'>Ibidem</span> <span class='ocrx_word' id='word_1_274' title='bbox 1604 2617 1690 2657; x_wconf 76' lang='lat' dir='ltr'>Cap.</span> <span class='ocrx_word' id='word_1_275' title='bbox 1705 2622 1791 2645; x_wconf 75' lang='lat' dir='ltr'>xxvx</span> <span class='ocrx_word' id='word_1_276' title='bbox 1805 2623 1816 2644; x_wconf 84' lang='lat'>1</span> <span class='ocrx_word' id='word_1_277' title='bbox 1831 2610 1962 2645; x_wconf 83' lang='lat' dir='ltr'>x-Tab.</span> <span class='ocrx_word' id='word_1_278' title='bbox 1979 2622 2020 2645; x_wconf 75' lang='lat' dir='ltr'>Lx</span> <span class='ocrx_word' id='word_1_279' title='bbox 2036 2623 2096 2645; x_wconf 82' lang='lat'>11-</span> <span class='ocrx_word' id='word_1_280' title='bbox 2110 2623 2144 2656; x_wconf 83' lang='lat' dir='ltr'>p·</span> <span class='ocrx_word' id='word_1_281' title='bbox 2168 2617 2250 2653; x_wconf 54' lang='grc' dir='ltr'>16,-ἱ</span> 
     </span>
     <span class='ocr_line' id='line_1_31' title="bbox 370 2662 1700 2709; baseline -0.004 -9"><span class='ocrx_word' id='word_1_282' title='bbox 370 2672 425 2708; x_wconf 87' lang='lat'>(3)</span> <span class='ocrx_word' id='word_1_283' title='bbox 458 2667 570 2700; x_wconf 82' lang='lat' dir='ltr'>Veter.</span> <span class='ocrx_word' id='word_1_284' title='bbox 595 2665 844 2698; x_wconf 72' lang='lat' dir='ltr'>Mone&#39;mentor.</span> <span class='ocrx_word' id='word_1_285' title='bbox 877 2668 974 2698; x_wconf 79' lang='lat' dir='ltr'>Parte</span> <span class='ocrx_word' id='word_1_286' title='bbox 995 2664 1049 2697; x_wconf 86' lang='lat'>11.</span> <span class='ocrx_word' id='word_1_287' title='bbox 1065 2667 1151 2708; x_wconf 80' lang='lat' dir='ltr'>Cap.</span> <span class='ocrx_word' id='word_1_288' title='bbox 1168 2673 1247 2695; x_wconf 78' lang='lat' dir='ltr'>vn-</span> <span class='ocrx_word' id='word_1_289' title='bbox 1377 2667 1431 2704; x_wconf 89' lang='lat'>(9)</span> <span class='ocrx_word' id='word_1_290' title='bbox 1451 2662 1596 2709; x_wconf 76' lang='lat' dir='ltr'>stropha</span> <span class='ocrx_word' id='word_1_291' title='bbox 1615 2676 1700 2704; x_wconf 79' lang='lat'><em>139.</em></span> 
     </span>
     <span class='ocr_line' id='line_1_32' title="bbox 318 2710 1816 2763; baseline -0.003 -13"><span class='ocrx_word' id='word_1_292' title='bbox 318 2718 401 2750; x_wconf 83' lang='lat' dir='ltr'>Tab.</span> <span class='ocrx_word' id='word_1_293' title='bbox 419 2731 503 2752; x_wconf 75' lang='lat' dir='ltr'>xvr.</span> <span class='ocrx_word' id='word_1_294' title='bbox 531 2718 687 2762; x_wconf 73' lang='lat' dir='ltr'>Legenda</span> <span class='ocrx_word' id='word_1_295' title='bbox 705 2728 814 2750; x_wconf 84' lang='lat' dir='ltr'>tamen</span> <span class='ocrx_word' id='word_1_296' title='bbox 830 2728 869 2750; x_wconf 80' lang='lat' dir='ltr'>ea</span> <span class='ocrx_word' id='word_1_297' title='bbox 886 2738 896 2754; x_wconf 86' lang='lat'>,</span> <span class='ocrx_word' id='word_1_298' title='bbox 925 2728 994 2763; x_wconf 83' lang='lat' dir='ltr'>quae</span> <span class='ocrx_word' id='word_1_299' title='bbox 1021 2728 1097 2763; x_wconf 83' lang='lat' dir='ltr'>pag.</span> <span class='ocrx_word' id='word_1_300' title='bbox 1118 2722 1177 2748; x_wconf 88' lang='lat'>60.</span> <span class='ocrx_word' id='word_1_301' title='bbox 1192 2714 1253 2747; x_wconf 79' lang='lat' dir='ltr'>ha·</span> <span class='ocrx_word' id='word_1_302' title='bbox 1481 2715 1561 2750; x_wconf 80' lang='lat' dir='ltr'>Illic</span> <span class='ocrx_word' id='word_1_303' title='bbox 1577 2710 1816 2748; x_wconf 67' lang='lat' dir='ltr'>inenarrabili</span> 
     </span>
     <span class='ocr_line' id='line_1_33' title="bbox 320 2763 2005 2805; baseline -0.002 -2"><span class='ocrx_word' id='word_1_304' title='bbox 320 2770 379 2803; x_wconf 86' lang='lat' dir='ltr'>bet</span> <span class='ocrx_word' id='word_1_305' title='bbox 395 2771 439 2803; x_wconf 84' lang='lat' dir='ltr'>cl.</span> <span class='ocrx_word' id='word_1_306' title='bbox 452 2773 573 2803; x_wconf 55' lang='lat' dir='ltr'>auster.</span> <span class='ocrx_word' id='word_1_307' title='bbox 1529 2763 1695 2800; x_wconf 63' lang='lat' dir='ltr'>Adleffffus</span> <span class='ocrx_word' id='word_1_308' title='bbox 1709 2763 1799 2802; x_wconf 81' lang='lat' dir='ltr'>Urbi</span> <span class='ocrx_word' id='word_1_309' title='bbox 1808 2763 1977 2805; x_wconf 65' lang='lat' dir='ltr'>municeps</span> <span class='ocrx_word' id='word_1_310' title='bbox 1995 2788 2005 2803; x_wconf 87' lang='lat'>‚</span> 
     </span>
     <span class='ocr_line' id='line_1_34' title="bbox 368 2817 1964 2867; baseline -0.004 -10"><span class='ocrx_word' id='word_1_311' title='bbox 368 2827 432 2863; x_wconf 66' lang='lat'>(4)</span> <span class='ocrx_word' id='word_1_312' title='bbox 464 2820 595 2856; x_wconf 81' lang='lat' dir='ltr'>Ibidem</span> <span class='ocrx_word' id='word_1_313' title='bbox 621 2824 704 2867; x_wconf 84' lang='lat' dir='ltr'>Cap.</span> <span class='ocrx_word' id='word_1_314' title='bbox 721 2834 740 2854; x_wconf 80' lang='lat' dir='ltr'>x</span> <span class='ocrx_word' id='word_1_315' title='bbox 752 2830 810 2852; x_wconf 78' lang='lat' dir='ltr'>xv·</span> <span class='ocrx_word' id='word_1_316' title='bbox 836 2820 925 2854; x_wconf 84' lang='lat' dir='ltr'>Tab·</span> <span class='ocrx_word' id='word_1_317' title='bbox 939 2834 1036 2856; x_wconf 76' lang='lat' dir='ltr'>xx1x.</span> <span class='ocrx_word' id='word_1_318' title='bbox 1064 2833 1145 2867; x_wconf 78' lang='lat' dir='ltr'>pag.</span> <span class='ocrx_word' id='word_1_319' title='bbox 1164 2832 1176 2852; x_wconf 86' lang='lat'>1</span> <span class='ocrx_word' id='word_1_320' title='bbox 1189 2831 1250 2859; x_wconf 80' lang='lat'>04·</span> <span class='ocrx_word' id='word_1_321' title='bbox 1527 2819 1700 2856; x_wconf 55' lang='lat' dir='ltr'>GAEternss</span> <span class='ocrx_word' id='word_1_322' title='bbox 1714 2817 1752 2850; x_wconf 83' lang='lat' dir='ltr'>in</span> <span class='ocrx_word' id='word_1_323' title='bbox 1766 2827 1847 2851; x_wconf 81' lang='lat' dir='ltr'>arce</span> <span class='ocrx_word' id='word_1_324' title='bbox 1862 2817 1964 2850; x_wconf 65' lang='lat' dir='ltr'>curia</span> 
     </span>
     <span class='ocr_line' id='line_1_35' title="bbox 373 2868 2023 2919; baseline -0.004 -12"><span class='ocrx_word' id='word_1_325' title='bbox 373 2881 428 2916; x_wconf 80' lang='grc' dir='ltr'>(ς)</span> <span class='ocrx_word' id='word_1_326' title='bbox 462 2878 559 2908; x_wconf 84' lang='lat' dir='ltr'>Parte</span> <span class='ocrx_word' id='word_1_327' title='bbox 578 2876 625 2908; x_wconf 83' lang='lat'>11.</span> <span class='ocrx_word' id='word_1_328' title='bbox 640 2878 811 2919; x_wconf 77' lang='lat' dir='ltr'>Cap-xxx.</span> <span class='ocrx_word' id='word_1_329' title='bbox 831 2875 916 2908; x_wconf 78' lang='lat' dir='ltr'>Tab·</span> <span class='ocrx_word' id='word_1_330' title='bbox 929 2884 1152 2919; x_wconf 71' lang='lat' dir='ltr'>x:&lt;xv11.pag.</span> <span class='ocrx_word' id='word_1_331' title='bbox 1170 2881 1248 2903; x_wconf 83' lang='lat'>122.</span> <span class='ocrx_word' id='word_1_332' title='bbox 1522 2868 1643 2915; x_wconf 78' lang='lat' dir='ltr'>Gestas</span> <span class='ocrx_word' id='word_1_333' title='bbox 1659 2879 1820 2902; x_wconf 75' lang='lat' dir='ltr'>coronam</span> <span class='ocrx_word' id='word_1_334' title='bbox 1840 2869 1996 2902; x_wconf 70' lang='lat' dir='ltr'>civicam</span> <span class='ocrx_word' id='word_1_335' title='bbox 2014 2889 2023 2899; x_wconf 74' lang='lat'><strong>·</strong></span> 
     </span>
     <span class='ocr_line' id='line_1_36' title="bbox 373 2919 2259 2972; baseline -0.003 -11"><span class='ocrx_word' id='word_1_336' title='bbox 373 2931 429 2965; x_wconf 88' lang='lat'>(6)</span> <span class='ocrx_word' id='word_1_337' title='bbox 459 2923 589 2960; x_wconf 77' lang='lat' dir='ltr'>Ibidem</span> <span class='ocrx_word' id='word_1_338' title='bbox 606 2930 782 2972; x_wconf 81' lang='lat' dir='ltr'>Cap.xxv.</span> <span class='ocrx_word' id='word_1_339' title='bbox 797 2925 879 2960; x_wconf 87' lang='lat' dir='ltr'>Tab.</span> <span class='ocrx_word' id='word_1_340' title='bbox 903 2938 992 2961; x_wconf 68' lang='lat' dir='ltr'>xtvx</span> <span class='ocrx_word' id='word_1_341' title='bbox 1007 2939 1037 2960; x_wconf 88' lang='lat'>1.</span> <span class='ocrx_word' id='word_1_342' title='bbox 1064 2936 1142 2971; x_wconf 81' lang='lat' dir='ltr'>pag.</span> <span class='ocrx_word' id='word_1_343' title='bbox 1164 2937 1176 2957; x_wconf 94' lang='lat'>1</span> <span class='ocrx_word' id='word_1_344' title='bbox 1189 2933 1250 2964; x_wconf 84' lang='lat'>47.</span> <span class='ocrx_word' id='word_1_345' title='bbox 1386 2928 1416 2958; x_wconf 75' lang='lat' dir='ltr'>(i</span> <span class='ocrx_word' id='word_1_346' title='bbox 1431 2923 1466 2959; x_wconf 85' lang='lat'>0)</span> <span class='ocrx_word' id='word_1_347' title='bbox 1496 2924 1547 2954; x_wconf 70' lang='lat' dir='ltr'>De</span> <span class='ocrx_word' id='word_1_348' title='bbox 1562 2932 1688 2956; x_wconf 65' lang='lat' dir='ltr'>corona</span> <span class='ocrx_word' id='word_1_349' title='bbox 1707 2919 1832 2955; x_wconf 67' lang='lat' dir='ltr'>miliris</span> <span class='ocrx_word' id='word_1_350' title='bbox 1849 2926 1951 2964; x_wconf 53' lang='lat' dir='ltr'>(apa</span> <span class='ocrx_word' id='word_1_351' title='bbox 1966 2924 2015 2954; x_wconf 86' lang='lat'>11.</span> <span class='ocrx_word' id='word_1_352' title='bbox 2032 2921 2131 2955; x_wconf 79' lang='lat' dir='ltr'>Haud</span> <span class='ocrx_word' id='word_1_353' title='bbox 2145 2920 2259 2955; x_wconf 66' lang='lat' dir='ltr'>‘aliter</span> 
     </span>
     <span class='ocr_line' id='line_1_37' title="bbox 328 2971 2253 3024; baseline -0.001 -17"><span class='ocrx_word' id='word_1_354' title='bbox 328 2978 355 3007; x_wconf 67' lang='grc' dir='ltr'>ἅ·</span> <span class='ocrx_word' id='word_1_355' title='bbox 373 2990 447 3023; x_wconf 74' lang='lat' dir='ltr'>pag.</span> <span class='ocrx_word' id='word_1_356' title='bbox 466 2979 533 3024; x_wconf 73' lang='lat' dir='ltr'>seq.</span> <span class='ocrx_word' id='word_1_357' title='bbox 1318 2973 1398 3007; x_wconf 76' lang='lat' dir='ltr'>Lib.</span> <span class='ocrx_word' id='word_1_358' title='bbox 1411 2971 1452 3006; x_wconf 84' lang='lat' dir='ltr'>de</span> <span class='ocrx_word' id='word_1_359' title='bbox 1470 2972 1672 3020; x_wconf 67' lang='lat' dir='ltr'>Spec&#39;iaculis</span> <span class='ocrx_word' id='word_1_360' title='bbox 1688 2978 1770 3020; x_wconf 67' lang='lat' dir='ltr'>Cap.</span> <span class='ocrx_word' id='word_1_361' title='bbox 1784 2986 1866 3008; x_wconf 78' lang='lat' dir='ltr'>xxv·</span> <span class='ocrx_word' id='word_1_362' title='bbox 1894 2976 1979 3008; x_wconf 80' lang='lat' dir='ltr'>Item</span> <span class='ocrx_word' id='word_1_363' title='bbox 1992 2972 2054 3009; x_wconf 77' lang='lat' dir='ltr'>Ad</span> <span class='ocrx_word' id='word_1_364' title='bbox 2068 2974 2253 3024; x_wconf 65' lang='lat' dir='ltr'>Martymr</span> 
     </span>
    </p>
   </div>
   <div class='ocr_carea' id='block_1_3' title="bbox 377 3029 1507 3077">
    <p class='ocr_par' dir='ltr' id='par_1_6' title="bbox 377 3029 1507 3077">
     <span class='ocr_line' id='line_1_38' title="bbox 377 3029 1507 3077; baseline -0.008 -7"><span class='ocrx_word' id='word_1_365' title='bbox 377 3032 436 3073; x_wconf 68' lang='grc' dir='ltr'>Ξῖ]</span> <span class='ocrx_word' id='word_1_366' title='bbox 469 3029 832 3068; x_wconf 51' lang='lat' dir='ltr'>iserenMonimentor.</span> <span class='ocrx_word' id='word_1_367' title='bbox 846 3035 943 3068; x_wconf 75' lang='lat' dir='ltr'>Parte</span> <span class='ocrx_word' id='word_1_368' title='bbox 966 3033 1017 3065; x_wconf 78' lang='lat'>¹1·</span> <span class='ocrx_word' id='word_1_369' title='bbox 1034 3033 1120 3077; x_wconf 62' lang='lat' dir='ltr'>Cap.</span> <span class='ocrx_word' id='word_1_370' title='bbox 1134 3038 1251 3062; x_wconf 78' lang='lat' dir='ltr'>xxvxi·</span> <span class='ocrx_word' id='word_1_371' title='bbox 1318 3029 1410 3074; x_wconf 59' lang='lat' dir='ltr'>cap.</span> <span class='ocrx_word' id='word_1_372' title='bbox 1427 3038 1438 3059; x_wconf 78' lang='lat'>1</span> <span class='ocrx_word' id='word_1_373' title='bbox 1455 3029 1507 3061; x_wconf 84' lang='lat'>11.</span> 
     </span>
    </p>
   </div>
  </div>
 </body>
</html>
