2550 3898
542 490 626 551 34
885 473 1695 535 Dlssi-:RTATto

439 584 610 629 mare
650 561 852 625 conati
894 559 1141 640 sumus,
1192 563 1562 650 consequens
1604 560 1683 626 est
1729 560 1881 625 illud
1927 581 2169 648 quoque

439 654 800 723 Alexandro
839 660 1063 724 Severo
1105 657 1494 722 tribuendum
1531 654 1644 721 effe
1695 701 1716 731 ‚
1769 658 1866 720 cui
1914 656 2027 717 alia
2066 658 2181 715 im,

438 748 653 816 eadem
699 749 903 814 tabula
939 753 1142 815 caelata
1182 748 1592 826 numismata,
1640 768 1706 814 ut
1733 774 1863 814 mea
1895 746 2012 813 fert
2048 747 2179 835 opi-

439 845 543 909 nio
569 891 591 921 ,
643 842 877 908 debent·
901 844 1152 907 attribui
1183 890 1198 907 .
1250 848 1330 907 Et
1368 841 1412 907 fi
1440 843 1795 909 Alexandro
1822 850 2050 909 Severo
2081 837 2185 903 ad·

437 934 828 1003 scribendum
864 934 945 999 est
984 936 1171 1011 illud,
1209 937 1544 1001 laureatam
1573 941 1775 1027 potius
1804 961 1983 1026 quam
2019 957 2187 1024 gem-

438 1048 671 1098 matam
717 1053 1010 1094 coronam
1048 1027 1342 1095 debuisset
1387 1031 1584 1121 pistor
1623 1030 1688 1098 ὃς
1727 1035 1969 1096 caelator
1997 1024 2188 1093 adfin-

440 1146 630 1217 gere,
660 1125 815 1189 utin
842 1124 1043 1188 nostra
1072 1123 1277 1189 tabula
1312 1125 1388 1189 ad
1422 1123 1604 1190 fidem
1636 1129 1994 1216 exemplaris
2038 1121 2185 1186 deli·

445 1236 696 1284 neatum
746 1215 1049 1284 numisma
1101 1218 1470 1297 exhibetur3
1543 1223 1745 1307 potuit
1792 1239 1998 1284 tamen
2045 1236 2193 1280 areae

446 1309 716 1399 ejusdem
756 1309 1139 1377 numismatis
1179 1316 1547 1401 inaequalitas
1576 1360 1595 1388 ,
1647 1337 1773 1400 quae
1802 1313 2075 1378 nonnihil
2121 1305 2194 1372 ab

447 1430 586 1472 aevo
614 1403 799 1471 aerosa
834 1430 902 1469 ac
930 1407 1148 1471 vitiata
1170 1404 1250 1470 est
1280 1414 1409 1490 (1),
1431 1401 1742 1496 praebuifl'e
1769 1411 1988 1473 erroris
2025 1426 2193 1467 occa-

454 1496 680 1562 sionem
710 1545 725 1562 .
780 1503 853 1563 In
898 1501 999 1563 illa
1049 1521 1197 1589 ergo
1236 1525 1384 1566 areae
1429 1503 1829 1589 inaequalitate
1869 1499 1961 1584 (fi
1995 1518 2197 1562 tamen

456 1587 767 1657 numisma
813 1590 1010 1654 adhuc
1053 1589 1354 1657 fincerum
1395 1594 1479 1657 est
1511 1642 1531 1669 ,
1585 1594 1749 1680 quod
1784 1613 1912 1660 erat
1952 1587 2199 1680 quando

457 1686 730 1774 primum
772 1706 914 1746 cum
958 1686 1173 1747 ceteris
1211 1681 1327 1750 fuit
1352 1686 1815 1766 delineatum),
1864 1687 1963 1750 vir
1991 1681 2203 1748 videns

462 1780 732 1843 lauream
779 1800 1070 1842 coronam
1134 1774 1309 1843 facile
1367 1776 1666 1868 conspicit
1724 1806 1794 1845 ac
1837 1776 2203 1868 distinguit,

460 1873 621 1937 itaut
663 1889 846 1960 caput
888 1875 1285 1960 Imperatoris
1326 1873 1615 1962 adpareat
1655 1875 1954 1962 czgjusmodi
1987 1900 2059 1937 vt
2088 1891 2204 1935 ztur

458 1970 517 2030 in
589 1966 722 2029 aliis
786 1962 1202 2059 nungffmatibus
1228 2011 1247 2040 ,
1297 1964 1754 2054 expressumque
1790 1965 1863 2032 fit
1883 1973 2076 2052 juxta
2099 1983 2203 2052 pu-

458 2083 581 2122 rum
621 2078 816 2144 putum
857 2084 1053 2122 morem
1095 2059 1253 2121 illius
1292 2064 1411 2125 aevi
1451 2066 1593 2140 (2).
2172 2139 2179 2147 .„

657 2150 781 2218 Sed
831 2151 1074 2238 quando
1115 2155 1295 2216 etiam
1339 2153 1778 2217 concederetur
1833 2171 2048 2216 contra
2095 2172 2202 2214 no-

462 2240 647 2308 stram
689 2241 1049 2309 sententiam
1076 2248 1173 2320 ,in
1218 2248 1328 2310 hac
1363 2250 1628 2338 imagine
1650 2248 2075 2311 Alexandrum
2101 2249 2201 2309 Se-

467 2360 685 2401 verum
733 2358 1113 2427 gemmatam
1158 2361 1451 2402 coronam
1502 2336 1849 2428 usurpaffe,
1898 2362 2017 2402 non
2048 2337 2201 2403 adeo

464 2431 646 2520 longe
693 2431 1006 2496 receffiffet
1055 2427 1232 2495 cusor
1279 2431 1353 2495 ab
1395 2429 1667 2497 instituto
1712 2435 1873 2496 illius
1907 2434 2020 2498 aevi
2061 2479 2082 2510 ,
2133 2448 2200 2495 ut

463 2527 706 2613 penitus
746 2523 1128 2590 damnandus
1165 2522 1349 2590 effer:
1402 2550 1592 2613 quum
1633 2524 1866 2591 constet
1900 2529 2048 2590 alios
2076 2530 2200 2589 Im·

459 2636 768 2706 peratorcs
812 2618 939 2709 ipso
986 2618 1345 2683 Alexandro
1381 2619 1735 2685 vetustiores
1771 2620 1984 2684 eodem
2025 2642 2198 2709 gem-

455 2729 631 2776 mato
676 2713 1018 2778 diademate
1066 2737 1185 2778 non
1235 2709 1420 2778 semel
1465 2711 1600 2777 usos
1639 2710 1808 2777 fu1sse
1849 2762 1864 2778 .
1932 2720 2197 2802 ltaque-a

461 2808 851 2874 Commodus
872 2855 892 2884 ,
944 2826 1013 2873 ut
1051 2809 1240 2873 tradit
1259 2810 1382 2873 Dio
1408 2854 1426 2883 ,
1451 2830 1744 2871 coronam
1771 2812 2032 2898 gemmis
2056 2830 2196 2870 con-

450 2916 688 2967 textam
732 2903 1061 2991 aliquando
1106 2902 1471 2978 adhibebat,
1512 2900 1576 2968 ὅς
1620 2902 2010 2994 Eliogabalus
2050 2897 2197 2984 ejus·

446 2991 586 3058 dem
645 2998 983 3063 Alexandri
1041 2998 1322 3088 proxime
1373 2993 1701 3062 antecessor
1732 3044 1752 3074 ‚
1802 3015 2192 3089 gemmatum

496 3153 755 3204 (mffixugtnzs
772 3167 815 3195 ac
834 3155 1015 3207 rubiginis
1033 3154 1173 3206 specics
1189 3169 1331 3210 expen-
1387 3153 1509 3194 Musei
1529 3153 1714 3205 Carpinei
1737 3169 1822 3207 pag·
1843 3166 1925 3205 324-
1963 3107 2162 3208 &ng-15²5·

473 3204 528 3245 dit
546 3209 692 3262 egregie
708 3210 952 3257 ,Ronarro'tius
966 3211 1329 3252 inNumismatibus
1437 3217 1499 3256 (ὃ)
1529 3210 1652 3262 Epi-‘3-
1667 3222 1752 3262 pag*
1771 3223 1786 3250 1
1798 3221 1838 3259 4·
1855 3214 1890 3251 ὅ(
1905 3223 1944 3262 Ρ·
1961 3222 2005 3249 ²²
2017 3236 2030 3251 ·
