2550 3898
934 457 1745 519 APOLOGETICA
1977 480 2055 542 ις

443 540 553 604 bus
589 541 832 608 vetustis
866 543 940 608 ad
980 546 1301 608 cultiorem
1336 547 1522 610 etiam
1560 566 1800 613 aetatem
1832 547 2150 640 spectanti-

440 634 543 697 bus
588 639 874 700 nonnulla
910 637 1321 725 cacographiae
1361 643 1638 730 exempla
1669 639 1734 709 ὅ(
1783 665 2005 733 graecas
2044 648 2149 712 ali-

442 750 585 813 quas
620 730 817 794 literas
859 751 1000 791 cum
1026 730 1238 793 vlatinis
1281 734 1593 799 elementis
1634 736 1957 823 aliquando
1983 739 2150 806 fuisse

438 822 740 885 admixtas
759 867 780 897 ,
806 821 1025 887 horum
1059 825 1588 892 monimentorum
1616 829 2006 898 illustratores
2032 837 2153 899 ani-

440 914 877 978 madverterint
900 961 921 990 ,
963 915 1022 980 id
1063 939 1293 983 novum
1322 918 1592 1007 profecto
1633 947 1754 988 non
1791 924 1874 991 est
1898 974 1913 991 .
1942 928 2007 995 Si
2031 929 2154 993 vel-

439 1012 631 1073 lemus
674 1009 803 1071 heic
847 1008 1056 1072 eadem
1099 1016 1372 1100 exempla
1414 1037 1741 1106 congerere
1781 1065 1801 1095 ,
1853 1019 1917 1087 ὅε
1963 1023 2153 1085 mole-

438 1101 609 1167 stiam
649 1100 822 1165 vobis
865 1147 885 1178 ,
944 1104 1080 1165 Viri
1136 1102 1464 1170 dostiffimi
1510 1108 1723 1174 inferre
1760 1110 2154 1190 'videremurj

440 1196 505 1263 <Sc
552 1196 786 1258 chartas
841 1194 1070 1259 nonnisi
1119 1198 1423 1262 erroribus
1471 1224 1539 1263 ac
1593 1203 1826 1267 mendis
1879 1206 2154 1293 implere·

440 1313 578 1354 mus
618 1335 633 1352 .
678 1290 821 1374 Qa
864 1305 1041 1352 aetate
1084 1289 1418 1378 imperavit
1461 1295 1813 1360 Alexander
1848 1302 2154 1376 Severus,

429 1390 556 1466 jam
597 1384 796 1444 cultus
840 1382 1155 1445 literarum
1202 1383 1266 1450 ὅ(
1304 1387 1521 1450 artium
1562 1409 1832 1477 coeperat
1888 1392 1948 1456 in
1991 1394 2152 1458 dete·

438 1479 562 1540 rius
608 1474 907 1537 declinare
945 1522 958 1537 .
1009 1476 1195 1540 Diclo
1240 1475 1425 1544 fidem
1470 1477 1699 1546 faciunt
1741 1481 2010 1566 ejusdem
2045 1507 2151 1550 nu·

437 1565 722 1634 mismata
758 1569 963 1656 magni
1000 1571 1279 1647 moduli,
1327 1596 1453 1657 quae
1500 1571 1635 1638 satis
1670 1574 1993 1643 ostendunt
2028 1600 2149 1641 non

437 1661 587 1727 adeo
619 1662 920 1747 elegantes
962 1657 1126 1724 fuiffe
1169 1660 1427 1727 artifices
1473 1711 1494 1740 ‚
1546 1686 1612 1730 ut
1655 1687 1823 1732 erant
1857 1667 2150 1736 vetustio-

441 1778 569 1819 res·
615 1753 725 1814 Nil
769 1753 967 1838 itaque
1012 1754 1242 1819 mirum
1288 1801 1308 1830 ,
1351 1755 1394 1819 fi
1439 1760 1638 1824 minus
1683 1765 1974 1827 concinne
2014 1786 2150 1853 pro·

436 1843 574 1911 cusa
613 1842 726 1908 fint
759 1844 881 1906 haec
925 1845 1163 1909 minora
1189 1844 1552 1915 numismata
1590 1877 1621 1915 a
1655 1853 1826 1918 nobis
1862 1855 2149 1946 deprom-¹

433 1959 496 2005 ta
522 1984 543 2014 ,
573 1959 703 2023 quae
745 1957 866 1998 non
903 1931 1137 2001 fastum
1172 1941 1466 2028 Principis
1504 1945 1810 2032 produnt,
1853 1973 1970 2014 non
2007 1973 2149 2040 pro·

434 2033 662 2098 vincias
694 2025 1023 2093 debellatas
1043 2077 1063 2107 ,
1099 2053 1220 2095 non
1262 2033 1662 2124 triumphales
1706 2066 1957 2132 pompas
1981 2090 2003 2120 ,
2027 2068 2149 2112 non

434 2119 747 2191 Circenses
777 2121 952 2186 ludos
972 2169 994 2200 ,
1037 2146 1158 2191 non
1185 2128 1469 2215 Operum
1499 2130 1881 2218 publicorum
1920 2141 2147 2229 magni·

432 2214 735 2281 ficentiam
764 2262 784 2291 ,
824 2238 947 2280 non
984 2216 1238 2307 denique
1264 2222 1639 2312 Reipublicae
1675 2223 1904 2296 facinus
1944 2232 2146 2298 lauda-

430 2310 553 2375 bile
575 2353 595 2383 ,
637 2305 846 2393 resque
870 2310 1152 2396 praeclare
1172 2311 1368 2400 gestas
1401 2318 1684 2384 exhibent
1707 2369 1728 2397 ,
1751 2325 2145 2411 quemadmo··¹

433 2403 582 2468 dum
620 2401 678 2463 in
717 2399 847 2464 aliis
896 2398 1352 2469 numismatibus
1395 2407 1522 2472 haec
1559 2410 1865 2502 defignata
1905 2415 2141 2510 conspi-

429 2499 623 2561 cimus
645 2538 662 2556 .
686 2495 832 2557 Non
858 2494 1017 2558 enim
1055 2498 1115 2558 in
1153 2498 1514 2565 excudendis
1540 2503 1753 2570 nostris
1789 2505 1947 2576 hisce
1969 2535 2142 2579 num·

426 2591 542 2654 mis
571 2581 856 2652 cusor‘um
897 2587 1169 2678 princeps
1193 2590 1277 2656 est
1308 2591 1610 2662 adhibitus
1637 2647 1656 2676 ,
1678 2597 1775 2666 sed
1794 2602 1946 2670 alios
1971 2604 2144 2694 quos-

428 2703 694 2770 cumque
735 2728 753 2757 ,
811 2682 955 2745 artis
1007 2683 1167 2749 haud
1205 2685 1448 2773 prorsus
1498 2693 1743 2781 ignaros
1784 2698 1926 2763 huic
1969 2704 2139 2787 operi

426 2775 660 2843 abunde
699 2768 974 2840 sufficere
1013 2777 1418 2846 existimatum
1458 2780 1609 2850 fuit.
1643 2793 1795 2855 Sane
1844 2792 2138 2860 Christia-

426 2893 501 2934 na
539 2870 782 2956 Religio
826 2868 1098 2935 nondum
1145 2877 1390 2940 Senatui
1451 2881 1798 2970 Populoque
1846 2891 2134 2955 Romano

425 2960 594 3026 cordi
633 2959 742 3026 effe
770 2983 1074 3051 coeperat,
1107 2965 1210 3031 etfi
1251 2972 1509 3059 Principi
1541 2998 1756 3064 nempe
1780 2980 2134 3047 Alexandro

425 3060 654 3122 Severo
696 3100 717 3134 ,
755 3057 1216 3145 quodammodo
1254 3086 1375 3130 non
1413 3063 1766 3159 displicebat
1800 3100 1816 3138 :
1856 3077 2134 3163 quinimo

1893 3173 2060 3230 Sena-
