2550 3898
751 271 1508 328 PHILOLOG'IcA
2033 293 2098 341 91

164 356 450 415 Gallonius
471 371 569 407 aere
599 349 768 409 incisis
792 350 989 406 tabulis
1009 347 1341 417 ostendit(1)
1371 385 1384 405 ,
1408 341 1512 399 fine
1534 343 1914 405 intermistione
1950 353 2098 406 Mar-

167 455 252 512 tyr
273 435 635 509 experiretur.

312 520 381 567 At
403 530 498 565 cur
523 530 638 563 nam
662 507 841 564 sandto
866 527 1087 566 cniusrr
1111 506 1341 581 Martyri
1373 523 1693 560 navatam-10
1719 539 1737 569 ³
1758 519 2103 560 tantaROMAE

168 611 279 668 prae
301 591 491 644 ceteris
510 588 685 662 gloria
706 627 718 646 ‚
744 603 804 642 ut
823 587 955 642 adeo
974 586 1169 641 multas
1192 603 1253 638 ac
1277 580 1601 656 magnificas
1627 584 1776 637 AEdes
1801 623 1812 641 ,
1839 581 2108 657 sacrasque

170 670 451 724 memorias
490 665 840 724 exstruxerint
858 684 1102 727 varriis
1135 703 1149 724 ,
1194 663 1252 716 &
1293 665 1407 733 ejus
1447 664 1657 715 nomini
1702 663 2069 716 dedicaverint
2096 682 2107 715 ῖς

177 763 283 801 tam
306 742 524 817 insignia
565 742 815 797 exhibitae
842 743 1200 797 venerationis
1224 755 1538 814 argumenta
1583 759 1647 793 ac
1670 742 2007 794 monimenta
2032 759 2110 793 re-

171 823 476 896 liquerint?
520 824 632 874 Cur
650 819 825 873 honor
851 835 1027 874 tantus
1052 817 1146 895 ipsi
1168 822 1292 874 vivo
1315 819 1586 873 adhibitus
1608 857 1622 877 ‚
1665 819 1724 871 &
1745 817 2024 891 postquam
2050 819 2105 871 in

175 901 365 955 caelum
402 900 651 972 migravit
685 917 1012 972 magnopere
1053 900 1351 952 adauctus?
1395 896 1494 950 Sed
1533 896 1597 949 de
1620 910 1795 950 morte
1827 897 1884 949 ὅ(
1927 896 2106 968 gloria

174 978 454 1053 posthuma
494 975 654 1030 saneti
679 996 989 1035 LAVRENTII
1016 1016 1028 1035 ‚
1070 974 1278 1030 fortaffe
1320 976 1523 1031 dicium
1551 971 1670 1028 satis
1700 1017 1712 1029 .
1757 977 1841 1028 De
1884 975 2073 1027 eodem
2096 1011 2111 1030 ,

183 1058 310 1110 dum
348 1058 401 1108 in
440 1056 568 1107 vivis
608 1069 818 1126 ageret,
863 1053 969 1109 hoc
1004 1074 1108 1129 pro
1147 1069 1300 1108 certo
1338 1053 1641 1107 habendum
1665 1091 1678 1111 ,
1721 1051 1895 1105 natale
1937 1049 2110 1104 solum

176 1152 382 1189 ROMAM
422 1130 591 1206 ipsum
627 1131 862 1186 habuisse
909 1174 918 1184 .
969 1134 1104 1206 Qiae
1141 1133 1285 1185 enim
1328 1171 1343 1190 ,
1390 1130 1583 1183 amabo
1619 1169 1632 1189 ,
1680 1131 1820 1182 ratio
1853 1126 2065 1183 suadeat
2092 1167 2106 1187 2,

173 1227 411 1267 exterum
454 1209 763 1270 hominem,
804 1211 1028 1264 natione
1046 1206 1347 1283 Hispanum
1376 1248 1389 1269 ‚
1436 1222 1497 1260 ut
1533 1206 1788 1261 nonnulli
1831 1225 2112 1281 perperam

173 1288 510 1346 existimant,
545 1288 897 1361 eumdemque
928 1290 1180 1356 juvenem
1227 1327 1242 1348 ,
1285 1286 1523 1341 statimac
1569 1286 1623 1338 in
1664 1303 1843 1338 vRssEM
1891 1287 2115 1337 advene*

169 1369 275 1424 rit,
323 1386 490 1419 unum
529 1385 555 1419 e
593 1365 840 1439 pluribus
883 1364 1113 1421 electum
1153 1363 1301 1418 fuiffe
1330 1403 1345 1423 ,
1389 1366 1486 1437 qui
1514 1359 1768 1416 Pontifici
1795 1358 2114 1415 sanctissimo

169 1443 522 1503 ministraret,
563 1445 767 1516 quique
798 1462 1064 1496 ROMANAE
1099 1459 1383 1496 BchEsrAE
1430 1442 1714 1493 Diaconus
1756 1435 2117 1512 designaretur

173 1541 234 1576 ac
258 1523 666 1575 renunciaretur
694 1532 712 1573 ?
752 1524 840 1575 An
866 1519 1074 1576 homini
1096 1519 1256 1593 plane
1279 1539 1428 1574 novo
1471 1517 1523 1570 id
1543 1518 1780 1571 muneris
1808 1518 2114 1570 committe³

171 1609 361 1653 retur?
407 1602 495 1651 An
531 1599 627 1669 qui
671 1601 939 1651 nerninem
962 1599 1016 1649 in
1038 1615 1170 1650 VRBE
1208 1593 1597 1669 cognosceret,
1641 1609 1864 1648 curator
1910 1612 2120 1668 paupe=

169 1696 292 1732 :rum
318 1714 330 1733 ‚
375 1673 677 1728 &thesauri
701 1671 941 1727 Ecclesiae
977 1673 1151 1728 custos
1171 1670 1628 1728 constitueretur?
1674 1673 2118 1726 verumenimve-

169 1775 234 1810 ro
272 1755 462 1808 Civem
501 1771 778 1806 ROMANVM
829 1750 976 1805 fuisse
1015 1752 1256 1806 Levitam
1301 1769 1669 1807 LAVRENTIVM
1713 1789 1726 1811 ,
1772 1764 1966 1825 praeter
2014 1768 2072 1804 ea
2100 1790 2116 1811 ‚

167 1854 292 1908 quae
312 1831 551 1887 exdictis
595 1850 706 1884 non
726 1829 948 1885 obscure
989 1829 1184 1904 colligi
1220 1831 1441 1905 poffunt
1476 1870 1489 1891 ,
1530 1849 1597 1885 ex
1618 1829 1920 1883 Prudentio
1942 1830 2117 1882 veteri

168 1916 336 1967 Poeta
356 1908 693 1965 Christiano,
739 1906 1834 1982 facilinegotiointelligitur-statuendum
1863 1905 1994 1966 effe3
2039 1907 2119 1959 ni.⁵¹

167 1989 246 2044 hil
271 1991 475 2063 quippe
497 1991 560 2042 de
581 1984 869 2060 Hispanica
883 1989 1097 2060 origine
1115 1984 1346 2057 ejusdem
1369 1985 1533 2040 sancsti
1557 2004 1860 2040 LAVRENTH
1889 2022 1902 2042 ‚
1930 1979 2123 2058 Hispa=

168 2089 270 2123 nus
297 2065 402 2141 ipse
428 2072 540 2134 (2),
584 2067 853 2120 memoriae
892 2065 1179 2140 prodidit,
1224 2086 1396 2142 quum
1417 2065 1483 2119 de
1503 2063 1623 2118 aliis
1647 2103 1660 2124 ,
1703 2066 1800 2137 qui
1839 2063 1904 2116 ab
1942 2079 2002 2115 ea
2039 2081 2122 2116 re-

172 2148 336 2221 gione
376 2158 658 2200 traxerunt
680 2161 860 2196 Ortum
884 2180 900 2201 ‚
943 2146 998 2195 in
1021 2142 1358 2199 celebrandis
1405 2141 1643 2218 ipsorum
1669 2142 1956 2216 praeconiis
1982 2179 1995 2198 ,
2040 2139 2123 2192 di·-

166 2223 301 2278 serte
342 2224 674 2280 meminerit,
721 2218 1200 2295 Hispaniarumqne
1248 2219 1433 2274 laudes
1479 2222 1533 2273 in
1576 2219 1827 2293 pluribus
1872 2221 1980 2289 ejus
2003 2220 2125 2292 Hy-

173 2304 314 2356 mnis
351 2301 414 2354 de
442 2302 758 2352 Sanctorum
796 2296 950 2371 gestis
980 2334 993 2354 ,
1030 2299 1434 2352 contineantur
1455 2337 1467 2349 .
1514 2299 1714 2349 Verum
1743 2298 1794 2348 in
1816 2298 2035 2367 Hymno
2059 2295 2122 2348 de

171 2379 356 2434 sancto
382 2396 737 2436 LAVRENT102
780 2374 1023 2429 celebrat
1067 2376 1136 2429 ab
1181 2373 1420 2428 exordio
1476 2373 1800 2426 Prudentius
1847 2373 2025 2426 laudes
2064 2373 2122 2425 δε

171 2459 419 2512 encomia
448 2473 713 2509 ROMANAE
740 2471 890 2508 VRBIS
914 2491 928 2511 ‚
970 2453 1170 2525 quibus
1202 2448 1599 2527 prosequendis
1621 2468 1841 2524 operam
1882 2470 1992 2505 non
2014 2470 2126 2504 rne-

174 2536 415 2589 diocrem
438 2533 703 2608 impendit
723 2574 734 2587 .
780 2532 901 2585 Fere
923 2528 1106 2586 iisdem
1131 2530 1458 2602 argumentis
1482 2543 1688 2582 tutatus
1716 2526 1787 2581 est
1822 2526 1963 2581 hanc
1984 2547 2125 2583 eam-

172 2615 294 2667 dem
314 2609 623 2667 sententiam
661 2609 732 2666 cl.
757 2606 1102 2663 Blanchinius
1130 2647 1145 2669 ‚
1186 2606 1654 2682 Congregationis
1702 2607 1947 2660 Oratorii
1973 2608 2123 2660 Pres-

172 2691 331 2763 byter
356 2731 368 2750 ,
403 2693 457 2744 in
494 2692 766 2747 editione,
807 2705 968 2762 quam
1016 2688 1152 2742 olim
1199 2685 1526 2741 moliebatur
1563 2685 1807 2757 Operum
1830 2684 2121 2738 Venerabi-

177 2767 245 2823 lis
282 2769 384 2823 viri
412 2766 629 2844 Josephi
652 2768 836 2822 Mariae
860 2788 901 2822 s.
922 2788 977 2822 R.
1002 2787 1047 2822 ε.
1068 2766 1303 2822 Cardina
1327 2764 1393 2819 lis
1418 2758 1689 2817 Thomafii
1715 2768 1790 2835 (3)
1823 2800 1840 2820 ,
1882 2762 2124 2817 Adnota-

227 2932 284 2965 (1)
314 2929 367 2960 De
395 2928 597 2972 Martyrum
626 2922 857 2962 Cruciatibus
884 2928 971 2972 Cap.
1002 2937 1021 2960 v
1035 2934 1045 2958 ι
1059 2938 1091 2960 1.
1381 2921 1481 2956 Binis
1497 2926 1640 2955 remotos
1655 2917 1791 2955 abibas
1806 2943 1816 2957 ‚

177 2981 254 3024 rig.
277 2989 287 3011 ι
306 2982 355 3011 ιΙ.
1383 2976 1496 3007 Trans
1512 2973 1740 3007 Cotianorwn
1753 2969 1845 3021 juga
1861 2993 1871 3008 ‚

236 3038 289 3070 (2)
323 3033 436 3077 Inquit
465 3029 555 3063 idem
571 3030 769 3064 Prudentius
797 3030 880 3066 dese
897 3030 969 3079 ipso
984 3032 1017 3066 in
1032 3041 1090 3066 eoa
1383 3027 1495 3059 ’.ΓΙ-’,ἰῆς
1513 3037 1557 3066 &²
1579 3027 1724 3072 Pyrenas
1741 3021 1901 3068 magides
1915 3020 1996 3065 &c-

182 3084 252 3120 iem
271 3087 404 3131 Hymno
421 3080 567 3125 :stropha
581 3093 702 3114 cxxxv.
1221 3084 1274 3119 (3)
1304 3085 1399 3115 Parte
1416 3079 1789 3124 1.fag.ccxc11·Romae
1805 3079 1901 3109 Anno
1915 3084 2100 3109 moccxu.

381 3138 452 3169 Nos
474 3131 571 3181 Vasco
586 3144 712 3170 menos
729 3130 869 3169 dividit
1172 3134 1207 3167 in
1224 3132 1290 3167 fol.
