2550 3898
475 281 506 318 2
1063 279 1100 316 D
1143 276 1167 314 1
1209 281 1230 316 s
1272 280 1294 316 s
1341 280 1369 317 E
1413 279 1451 314 R
1494 280 1529 315 ⁶1·
1577 282 1606 315 A
1651 281 1687 316 ‘r
1732 281 1751 317 1
1795 282 1832 317 o

473 335 718 391 instituta
735 338 1003 409 majorum
1034 335 1341 393 nostrorum
1360 336 1599 392 dilucide
1626 378 1641 399 ,
1683 334 2054 414 aptiffimeqne
2076 338 2298 397 revelari
2315 357 2417 396 co·-

473 416 763 488 gnovimus
796 456 806 474 ,
849 416 1046 490 quibus
1091 415 1272 469 edocs'ti
1302 453 1316 474 ,
1360 414 1427 470 ad
1470 416 1728 469 imitanda
1763 434 1954 471 eorum
1993 417 2206 492 vestigia
2246 433 2421 491 atque

471 493 751 566 exempla,
796 512 907 547 non
941 493 1108 548 modo
1135 490 1421 554 ducimur,
1463 511 1651 548 verum
1693 495 1853 547 etiam
1896 493 2193 555 trahimur,
2235 515 2296 550 ac
2319 494 2427 549 fer,

472 589 557 624 me
579 569 966 643 compellimur
991 612 1004 624 .

632 649 896 702 Eximium
930 667 1063 721 ergo
1103 645 1338 722 lapidem
1392 651 1697 724 primorum
1733 646 2047 702 eorumdem
2086 646 2425 704 Christifide-

467 722 604 778 lium
642 744 709 780 ex
733 726 892 798 Musbo
931 727 1129 781 Vifz‘orio
1170 727 1298 780 viris
1337 727 1565 780 eruditis
1594 725 1844 781 exhibere
1883 726 2097 780 decrevi-
2133 725 2413 780 nonnullis

467 802 598 855 meis
637 805 1116 860 exercitationibus
1143 844 1156 863 ‚
1200 822 1236 856 D
1258 822 1281 856 ε
1305 824 1340 858 o
1374 808 1593 874 juvante
1618 843 1631 864 ‚
1672 803 2020 879 explanatum
2046 840 2059 860 ‚
2101 804 2299 877 quibus
2330 806 2418 857 in-

466 877 648 952 digere
697 882 1011 936 videbatur.
1060 883 1401 956 Qamquam
1425 901 1554 936 vero
1590 901 1648 935 ea
1668 878 1727 936 fit
1769 882 2010 956 lapidum
2051 880 2415 936 caelandorum

465 958 610 1008 ratio
641 994 653 1013 ‚
697 972 757 1031 ut
797 976 972 1011 rerum
1013 961 1405 1031 praeteritarum
1445 959 1586 1021 ordo
1614 958 1845 1033 ,posteris
1872 999 1884 1017 ‚
1929 956 2198 1032 praesentis
2236 973 2413 1013 autem

465 1034 859 1097 aetatisac'taiis
903 1036 998 1108 qui
1022 1034 1289 1091 existunt,
1330 1035 1673 1095 luculenter,
1719 1055 1780 1090 ac
1821 1037 1992 1090 nitide
2033 1052 2416 1110 exponantur;

466 1107 714 1184 illudque
735 1113 980 1178 omnium
1028 1109 1477 1185 elegantissimum
1510 1134 1539 1168 a
1561 1113 1733 1167 doctis
1759 1116 1882 1167 viris
1925 1113 2250 1168 existimetur
2293 1114 2410 1187 epi-

461 1186 708 1260 taphium
755 1227 770 1247 ,
832 1190 984 1262 quod
1041 1191 1263 1243 arctiori
1303 1189 1578 1244 methodo
1624 1190 1918 1265 paucisque
1951 1190 2185 1266 plurima
2224 1190 2413 1245 lucide<

461 1282 885 1321 commemorat:
931 1266 1284 1322 nihilominus
1332 1264 1653 1342 apertissima
1689 1288 1915 1343 quaeque
1944 1309 1956 1329 ‚
2000 1284 2060 1323 ut
2100 1271 2174 1322 ita
2192 1267 2365 1321 dicam
2397 1307 2412 1328 ‚

458 1339 605 1416 lapsu
633 1348 892 1419 temporis
929 1347 1236 1417 rubiginem
1259 1344 1421 1399 talem
1464 1347 1757 1402 induerunt
1778 1388 1791 1408 ,
1837 1363 1897 1402 ut
1914 1345 2178 1401 nonnulla
2214 1347 2269 1398 in
2293 1347 2409 1419 epi-

453 1418 653 1493 taphiis
681 1424 917 1495 antiquis
942 1436 1238 1481 occursant
1258 1462 1269 1479 ,
1313 1441 1434 1496 quae
1460 1424 1549 1479 vix
1567 1465 1579 1484 ‚
1631 1440 1723 1478 aut
1744 1445 1808 1479 ne
1831 1428 1920 1479 vix
1973 1424 2189 1498 quidem
2212 1422 2411 1495 dignm²

452 1497 524 1555 fei
547 1512 750 1570 queant
778 1537 791 1557 ,
836 1495 1036 1552 tametsi
1061 1518 1189 1553 cura
1229 1499 1624 1576 diligentiaque
1662 1521 1777 1556 non
1796 1504 2012 1557 modica
2049 1500 2366 1555 adhibeatur
2392 1542 2404 1554 0

456 1577 766 1628 AErumnam
804 1573 941 1629 hanc
981 1572 1260 1630 subierunt
1305 1579 1674 1636 monimenta,
1720 1577 2069 1653 inprimisque
2092 1576 2411 1651 inscriptio-

451 1671 542 1707 nes
568 1690 581 1711 ,
622 1671 743 1726 quae
779 1649 1135 1706 Christianam
1174 1652 1526 1727 Religionem
1568 1656 1895 1728 adtingunt.
1941 1657 2150 1710 Etenim
2191 1670 2405 1727 tempo-

449 1728 795 1800 rum'inju-riae
824 1769 837 1790 ,
876 1728 1038 1804 plane
1071 1729 1416 1791 inevitabili,
1458 1729 1631 1786 hostes
1657 1731 1952 1786 Christiani
1973 1729 2406 1787 nominisacces-

448 1805 590 1869 sere,
633 1808 730 1881 qui
768 1809 1001 1882 turpiter
1026 1848 1041 1870 ,
1082 1823 1244 1882 atque
1268 1808 1544 1864 inhoneste
1587 1830 1647 1865 ea
1683 1812 1868 1865 omnia
1895 1849 1908 1869 ‚
1953 1831 2072 1885 quae
2111 1808 2402 1884 profutura

447 1883 643 1945 essent,
685 1884 1265 1943 &animum-nostrum
1292 1891 1481 1958 juv-are
1500 1902 1757 1962 poterant
1806 1889 1963 1943 rebus
1987 1885 2406 1944 obscurioribus

445 1961 783 2040 explicandis
806 2002 821 2022 ,
861 1960 1182 2037 diffiparunt
1203 2003 1218 2024 ‚
1263 1967 1588 2020 attriverunt
1607 2005 1621 2027 ,
1662 1962 2069 2022 consumserunt
2092 2006 2104 2020 .

756 2040 1012 2097 Chartulas
1034 2040 1326 2116 blasphemus.
1345 2043 1457 2099 olim

761 2121 893 2181 Nam
901 2117 1092 2193 satelles
1112 2121 1304 2195 abstulit
1326 2158 1341 2183 ‚

447 2199 631 2273 inquit
649 2197 970 2255 Prudentius
999 2201 1076 2268 (1)
1104 2238 1120 2259 ,

757 2278 838 2333 Ne
856 2276 1101 2331 tenacibus
1118 2274 1288 2330 libellis

756 2355 967 2407 Erudim
981 2355 1153 2422 fiecula
1179 2389 1195 2410 ‚

761 2430 995 2486 Ordinem
1014 2469 1029 2491 ,
1068 2444 1252 2501 tempus
1272 2465 1286 2489 ,
1323 2429 1605 2506 modumque

754 2508 984 2576 Paffionis
996 2508 1243 2582 proditum
1261 2543 1276 2564 ,

752 2586 988 2641 Dulcibus
1016 2588 1194 2658 linguis
1205 2600 1289 2660 per
1314 2603 1458 2639 ames

757 2665 1049 2735 Posterorum
1055 2663 1331 2737 spargerent
1352 2703 1364 2715 .

596 2742 729 2797 Sane
767 2760 910 2796 anno
944 2760 1190 2798 Mnccxx.
1235 2741 1382 2794 Dum
1415 2738 1572 2795 sacris
1610 2745 1927 2799 caemeteriis
1967 2740 2263 2818 purgandis
2309 2760 2379 2798 ex

437 2823 537 2896 pio
574 2817 824 2876 instituto
866 2821 1244 2875 Romanorum
1278 2814 1607 2874 Pontificum
1646 2818 1887 2875 Praefeffi
1928 2821 1994 2876 ad
2030 2819 2144 2875 haec
2189 2818 2395 2874 consti-‘-

439 2900 549 2955 tuti
569 2898 632 2953 de
655 2917 805 2953 more
825 2898 1172 2972 invigilarent
1194 2934 1209 2958 ,
1229 2896 1286 2949 ὃ(
1303 2893 1537 2977 Foffores
1562 2896 1628 2952 ad
1648 2917 1785 2975 opus
1810 2899 2214 2961 incumberent,
2244 2899 2401 3005 intelr*

2256 2993 2398 3031 miht-

498 3084 544 3121 ix>
574 3079 608 3113 Π
628 3081 653 3112 E
669 3081 689 3113 P
706 3078 720 3112 1
735 3080 759 3113 Σ
781 3079 811 3113 '1'
828 3081 853 3113 E
867 3081 894 3116 (Ρ
909 3080 981 3114 ΑΝ
997 3082 1031 3117 Ω.
1046 3082 1079 3118 N
1093 3100 1105 3116 ο
1133 3085 1257 3135 Hymn3
1285 3077 1326 3117 de
1342 3076 1477 3129 fandis
1507 3076 1731 3128 Martyribus
1757 3076 2049 3126 Calssgmritmis
2064 3100 2077 3112 .
