2550 3898
572 476 653 518 22
1103 457 1153 516 E
1191 474 1224 516 Ρ
1263 474 1285 515 1
1320 473 1345 513 s
1383 475 1423 515 T
1458 475 1501 516 o
1538 475 1573 515 L
1613 474 1705 516 Aa

570 562 702 608 tum
742 538 859 605 sese
901 537 1223 620 efferebat,
1269 544 1333 612 ὅ(
1373 544 1692 636 magnifice
1731 544 2104 637 gloriabatur
2134 553 2257 630 (1).

755 637 960 724 Igitur
1012 639 1070 699 in
1111 638 1510 727 opprobrium
1566 640 2051 705 Christianorum
2089 645 2258 728 ,¹qui

569 729 728 815 nque
772 753 840 793 ac
867 727 1065 818 Judaei
1089 778 1109 806 ,
1160 753 1263 818 per
1292 738 1510 813 jocum
1546 733 1797 823 Astnarii
1832 733 2185 799 dicebantur
2224 760 2260 799 a

565 821 874 886 veteribus
916 867 934 895 ,
988 825 1103 886 tria
1142 825 1262 885 haec
1304 823 1669 891 numismata
1699 828 1861 891 edita
1898 824 2145 892 fuerunt
2187 826 2259 891 ab

566 913 781 979 eodem
822 914 1179 978 Alexandro
1224 921 1451 981 Severo
1481 923 1901 1006 Imperatore,
1955 940 2021 984 ut
2054 939 2262 1009 putan-

564 1006 713 1070 dum
736 1005 867 1082 est,
932 1007 1176 1094 quando
1216 1011 1272 1072 in
1313 1012 1414 1074 illa
1465 1012 1698 1100 pistura
1738 1061 1756 1088 ,
1807 1014 1879 1076 de
1925 1038 2039 1101 qua
2085 1011 2263 1101 supra

561 1101 803 1188 loquuti
856 1098 1106 1178 sumuS,
1157 1100 1441 1188 mysteria
1479 1107 1838 1171 eorumdem
1894 1104 2259 1172 Christiano-

566 1216 708 1258 rum
748 1192 1063 1258 irriderent
1129 1199 1448 1272 GentileS,
1499 1223 1626 1284 quae
1681 1201 1752 1263 ab
1792 1198 1927 1287 ipsis
1986 1202 2262 1263 lumine,

561 1309 716 1351 verce
762 1284 899 1350 fidei
946 1286 1166 1351 misere
1206 1286 1504 1354 destitutis
1546 1339 1565 1367 ,
1623 1315 1740 1354 non
1783 1290 1890 1355 nisi
1939 1294 2123 1355 titulo
2174 1289 2265 1356 su·

562 1377 929 1467 perstitionis
971 1380 1439 1469 comprehensa,
1490 1404 1805 1473 tamquam
1853 1381 2261 1473 spestaculum

562 1475 775 1561 ignaro
806 1476 1034 1564 populo
1056 1470 1507 1541 'exhibebantur
1538 1527 1551 1541 .

744 1570 993 1630 Nomen
1029 1586 1238 1632 autem
1276 1567 1513 1656 ipsum,
1565 1570 1728 1656 quod
1766 1573 1823 1633 in
1865 1567 2018 1632 hisce
2043 1565 2264 1632 numis-

559 1655 820 1720 matibus
845 1661 1342 1744 exprimitur,ad
1374 1664 1662 1725 eumdem
1697 1663 2124 1726 Alexandrum
2163 1664 2264 1724 illa

554 1751 856 1838 pertinere
897 1748 1073 1816 facile
1105 1752 1312 1841 prodit
1335 1800 1355 1830 ‚
1402 1757 1669 1820 maxime
1706 1777 1852 1820 vero
1877 1804 1895 1829 ,
1927 1753 2093 1842 quod
2120 1755 2267 1818 Leo·

555 1843 711 1906 ninis
763 1847 1005 1911 exuviis
1044 1866 1263 1909 ornato
1324 1850 1517 1936 capite
1564 1847 1638 1912 ab
1682 1849 1811 1911 aliis
1856 1851 2105 1937 vulgata
2152 1844 2268 1911 fint

558 1934 650 2000 his
688 1934 907 2002 fimilia
965 1941 1256 2003 nonnulla
1307 1940 1572 2019 ejusdem
1623 1936 1988 2003 numismata
2040 1987 2055 2002 .
2110 1943 2264 2004 Sane

560 2047 748 2116 caput
792 2032 1054 2111 junioris
1094 2033 1355 2094 hominis
1397 2079 1416 2108 ,
1470 2056 1586 2096 non
1616 2033 1872 2121 Juliano
1912 2030 2263 2120 Apostatae,

556 2116 602 2182 fi
661 2123 897 2208 placeat
937 2122 997 2187 id
1041 2124 1301 2206 objicere
1347 2172 1367 2200 ,
1433 2150 1500 2189 ea
1562 2150 1688 2213 quae
1741 2121 2106 2213 proferimus
2163 2129 2266 2189 tri·

565 2209 805 2278 buenda
844 2212 954 2279 esse
994 2215 1129 2282 finit
1169 2264 1190 2293 ‚
1239 2241 1429 2304 quum
1475 2217 1669 2283 senior
1713 2215 1890 2293 esset,
1946 2218 2008 2285 ὅ(
2053 2217 2261 2283 barba-

558 2322 656 2369 tus
690 2307 996 2372 incederet
1023 2312 1308 2395 Julianus
1347 2337 1367 2386 3
1419 2313 1522 2373 illa
1567 2333 1713 2374 vero
1768 2315 1972 2374 omnia
2012 2313 2264 2394 junioris

556 2400 742 2462 aetatis
813 2399 1004 2488 speeie
1058 2397 1330 2464 confecia
1390 2400 1583 2480 sunt3
1649 2425 1982 2491 eorumque
2042 2402 2266 2493 postre-

554 2513 726 2555 mum
762 2539 781 2567 ,
839 2513 1023 2582 caput
1062 2493 1282 2558 decose
1338 2498 1679 2561 laureatum
1719 2498 2005 2573 exhibet,
2035 2504 2264 2580 juxta„

553 2606 773 2672 purum
815 2605 1035 2673 putum
1089 2610 1330 2653 morem
1365 2590 1530 2656 ilhus
1576 2592 1687 2654 aevi
1729 2616 1749 2667 3
1813 2614 1881 2652 ac
1936 2588 2262 2678 praesertim

556 2701 747 2764 quum
792 2680 1087 2747 delineata
1129 2706 1216 2757 eo
1245 2681 1433 2748 modo
1497 2682 1569 2750 fit
1606 2680 1780 2747 vestis
1825 2688 2221 2772 Imperatoris
2248 2734 2263 2751 .

556 2775 781 2862 Itaque
816 2770 859 2837 fi
901 2775 1017 2841 hoc
1059 2772 1357 2840 numisma
1399 2776 1474 2841 ad
1511 2776 1936 2841 Alexandrum
1990 2776 2260 2868 spestare

553 2863 933 2946 dixerimuS,
987 2875 1156 2953 cujus
1202 2872 1408 2962 imago
1442 2918 1462 2948 ‚
1516 2890 1583 2936 ut
1620 2869 1867 2935 evidens
1913 2870 2030 2948 est,
2086 2896 2260 2938 non..‚

2139 2967 2261 3014 Her-

608 3041 671 3098 (ι)
704 3041 755 3077 Ea
786 3040 832 3080 de
861 3046 981 3084 caussa
1012 3045 1049 3083 in
1081 3046 1364 3086 numismatibus
1425 3048 1471 3086 ad
1491 3047 1579 3084 fines
1598 3048 1757 3100 Lybiae,
1790 3063 1870 3101 quae
1892 3050 2029 3091 Africae
2049 3052 2154 3104 tegio
2175 3052 2223 3090 est
2243 3076 2258 3095 ο

558 3096 681 3153 :ku-reis
698 3118 710 3135 ,
740 3099 928 3145 atgenteis
946 3124 959 3141 ,
993 3100 1167 3152 :meisque
1202 3103 1369 3140 Alexan·
1423 3099 1552 3152 infigni
1574 3103 1718 3154 templo
1740 3105 1786 3143 ab
1808 3105 1883 3143 illis
1901 3106 2094 3145 Gentibus
2115 3108 2260 3145 exstru-

553 3142 612 3181 dn
631 3145 866 3192 Macedonis,
882 3164 998 3191 cornu
1021 3154 1220 3193 Ammonis
1241 3167 1374 3204 quam·
1431 3157 1491 3194 ἃο
1508 3180 1520 3196 ,
1553 3157 1692 3195 Arietis
1716 3159 1879 3210 imagine
1897 3159 2093 3199 colebatur
2113 3184 2124 3198 .
2159 3158 2256 3196 Vide

551 3193 648 3245 [προ
669 3197 1069 3254 obsezvatur.Jupice1
1088 3207 1184 3246 euim
1202 3208 1372 3247 Ammon
1429 3209 1472 3248 fis
1491 3205 1950 3263 Suidam‚Ariflophanem
1970 3217 2043 3253 &m
