2550 3898
480 487 577 551 ’σο
902 483 1012 546 Dt
1056 480 1766 545 Moxoenam-mun

481 600 617 667 quae
650 568 795 639 fuco
827 576 1000 641 omni
1032 570 1281 642 excluso
1300 620 1322 653 ,
1370 576 1434 641 in
1461 571 1587 667 ipsa
1617 570 1839 637 nititur
1870 571 2019 640 artis
2045 564 2186 638 fim-

480 671 798 762 plicitate.
2155 744 2160 748 ,

677 768 914 829 Verum
951 763 1111 827 enim
1155 783 1307 826 vero
1341 783 1587 852 gemma
1614 810 1632 839 ,
1684 782 1865 849 quam
1898 755 2187 847 produxi-

484 880 667 933 mu8‚
716 853 993 946 inspectis
1031 857 1212 919 certis
1257 857 1532 930 indiciis,
1583 855 1686 921 etsi
1733 853 2186 919 vetustissima...

478 949 555 1017 fit
574 998 595 1027 ,
646 970 848 1015 tamen
874 997 896 1026 ,
944 949 1107 1038 quod
1135 950 1426 1037 epocham
1454 950 1821 1014 constantem
1851 997 1869 1024 ,
1913 946 1975 1013 ὅ(
2000 945 2186 1011 fixam

477 1046 569 1108 illi
611 1043 875 1109 tribuere
918 1066 1100 1107 nemo
1136 1041 1314 1129 poffit
1350 1091 1370 1119 ,
1437 1042 1649 1107 eadem
1694 1039 1966 1132 profesto
2017 1043 2187 1104 nolu-

434 1148 441 1152 ’
478 1161 615 1203 mus
641 1185 660 1213 ,
711 1157 1030 1224 tamquam
1078 1135 1279 1227 sigillo
1332 1138 1420 1201 uti
1466 1137 1542 1201 ad
1571 1137 1934 1203 claudendas
1959 1134 2186 1199 nostras

476 1229 652 1295 hasce
700 1232 1150 1296 lucubrationes
1177 1279 1192 1294 .
1249 1233 1500 1294 Ineunte
1534 1251 1739 1296 autem
1785 1228 2001 1293 saeculo
2045 1254 2066 1293 1
2095 1232 2188 1292 11.

478 1347 658 1394 sEsU
694 1329 940 1389 Nomen
984 1326 1072 1388 his
1116 1326 1303 1388 literis
1343 1346 1449 1388 mc
1485 1371 1500 1387 .
1561 1321 1898 1414 expressum
1966 1318 2131 1385 fuisse
2167 1367 2190 1398 ,

481 1416 851 1482 numismate
912 1418 1254 1485 Alexandri
1312 1422 1522 1483 Severi
1589 1425 2011 1484 Romanorum
2064 1421 2188 1479 lm-

479 1514 782 1600 peratoris
830 1535 978 1575 mox
1028 1512 1421 1599 producendo
1478 1559 1499 1589 ,
1552 1536 1661 1600 pro
1717 1509 2006 1575 coronide
2080 1511 2189 1573 hu-

467 1608 567 1687 jus
599 1601 1028 1668 dissertationis
1058 1604 1349 1669 tutiffime
1376 1603 1775 1671 firmabimus,
1805 1607 1956 1690 Qo
1982 1603 2190 1667 Lecto-

479 1700 534 1760 ri
588 1719 803 1786 aequO,
837 1699 1224 1783 humanoque
1270 1695 1609 1763 satisfeciffe
1646 1697 2094 1762 existimamus.

670 1795 841 1881 Ergo
910 1788 1177 1854 exstabat
1240 1791 1392 1854 olim
1451 1794 1512 1854 in
1568 1789 1790 1855 Museo
1857 1792 2007 1855 clari
2072 1791 2190 1855 viri

482 1886 687 1950 Marci
750 1887 1006 1948 Antonii
1077 1881 1409 1950 Sabbatinii
1463 1887 1779 1972 antiquarii
1847 1888 1907 1948 in
1974 1883 2193 1955 Urbe-2

486 2754 654 2833 cujus
717 2751 1050 2843 imaginem
1111 2752 1187 2817 ad
1243 2748 1508 2817 formam
1551 2750 1773 2818 vetusti
1830 2755 2193 2842 exemplaris

485 2848 587 2908 aeri
629 2842 878 2910 incisam
906 2893 926 2922 ,
977 2849 1146 2910 tenui
1187 2849 1435 2937 pagellae
1475 2843 1790 2938 segmento
1832 2894 1853 2923 ,
1902 2846 2021 2911 fine
2065 2850 2191 2912 ulla

485 2956 687 3001 tamen
732 2937 1137 3005 illustratione
1178 2939 1299 3030 ipse
1343 2942 1677 3029 vulgavit,
1728 2939 1791 3006 ὅ(
1837 2964 1945 3005 nos
1983 2943 2058 3006 ab
2096 2965 2186 3007 ea·

489 3029 633 3093 dem
683 3035 953 3098 caelatam
1017 3033 1180 3100 buxo
1224 3032 1592 3098 exastiffime
1637 3082 1658 3110 ‚
1696 3036 1918 3099 iterum
1962 3034 2188 3125 produ-

491 3128 686 3190 cimus
731 3170 748 3190 .
817 3132 911 3193 Ex
956 3150 1073 3195 una
1109 3147 1290 3221 caput
1328 3132 1726 3220 Imperatoris
1776 3130 2025 3221 adparet
2067 3131 2187 3193 leo-

2075 3234 2181 3268 mna
