2550 3898
756 474 1673 536 APoLoGET1cA
1909 481 1993 536 27

310 587 312 589 ’
361 564 550 632 tiones
589 561 1071 636 excuderentur-3
1123 555 1379 642 indeque
1402 547 1676 627 fastum,
1727 565 1794 614 ut
1831 552 1932 618 ille
1956 559 2092 642 gra-¹

360 663 456 724 vis
495 681 661 724 error
696 651 1004 721 emerserit
1042 677 1057 714 ε
1110 649 1260 714 nihil
1300 649 1461 711 enim
1505 640 1850 730 hujusmodi
1902 643 2086 733 suspi-

364 756 488 817 cari
532 748 836 842 possumus
900 744 974 810 de
1018 744 1178 811 Viro
1224 737 1574 807 doi'tiffimo
1610 787 1632 818 ,
1672 736 1737 806 ὅ(
1770 740 1831 803 in
1871 737 2088 804 sacra...

358 869 607 915 morum
650 839 963 930 disciplina
1007 833 1411 905 versatiffimo
1439 881 1454 898 .

547 940 766 1025 Qum
807 957 954 999 vero
993 931 1071 997 de
1112 951 1270 1022 typo
1312 925 1538 994 Asellae
1585 928 1825 1018 pullum
1870 924 2091 992 lastan-

358 1033 435 1097 tis
479 1029 714 1096 abunde
756 1028 1086 1093 dixerimus
1124 1072 1144 1101 ,
1199 1047 1380 1111 quem
1428 1025 1623 1087 veluti
1668 1023 2088 1087 Amuletum..

354 1121 749 1214 proposuerat
800 1121 1014 1187 aufior
1049 1114 1578 1183 Observationum
1622 1160 1643 1189 ,
1695 1118 1849 1178 ratio
1892 1111 2092 1201 postu-

356 1223 443 1283 lat
492 1217 565 1282 de
600 1236 758 1305 typo
797 1236 1039 1304 quoque
1078 1210 1371 1278 Herculis
1420 1205 1485 1274 ὅ(
1536 1209 1833 1272 Minervae
1887 1207 2089 1292 aliqua

359 1309 646 1390 subdere3
688 1313 747 1375 in
773 1333 845 1374 eo
881 1308 1108 1373 etenim
1139 1306 1585 1370 Amuletorum
1615 1323 1833 1364 arcana
1870 1298 2089 1362 eodem

355 1404 547 1468 modo
590 1408 691 1467 ille
730 1400 1005 1492 agnoscit
1040 1447 1060 1476 ,
1110 1397 1368 1486 ideoque
1406 1392 1706 1460 numisma
1751 1394 1891 1458 vult
1936 1389 2103 1456 esse*

356 1499 730 1563 Amuletum
752 1545 766 1561 .
805 1492 1017 1560 Refert
1043 1493 1200 1557 hunc
1228 1511 1457 1580 typum
1499 1486 1800 1553 numisma
1832 1488 2092 1550 tertium

353 1592 413 1654 in
443 1590 694 1668 ordine,
740 1589 904 1679 quod
946 1589 1297 1651 curavimus
1341 1607 1481 1647 cum
1506 1585 1638 1646 aliis
1661 1581 1984 1645 dumtaxat
2008 1583 2094 1656 inf

352 1682 681 1747 cidendum
711 1729 730 1758 ‚
776 1701 848 1746 ut
889 1702 1113 1744 nomen
1150 1675 1210 1743 ὅ(
1256 1677 1519 1741 maxime
1564 1676 1769 1764 imago
1820 1674 2088 1748 Alexam
2140 1747 2143 1749 ,

351 1775 446 1840 dri
492 1775 703 1840 iisdem
749 1774 1001 1838 leoninis
1046 1771 1282 1836 exuviis
1328 1769 1405 1833 de
1448 1791 1618 1831 more
1669 1785 1870 1831 comta
1899 1789 1964 1827 ac
1989 1764 2087 1829 de-

351 1889 598 1945 corata,
634 1872 690 1931 in
730 1871 844 1931 hoc
883 1869 1107 1953 pariter
1132 1862 1394 1944 ejusdem
1429 1861 1666 1924 moduli
1695 1851 2087 1934 numismate,

348 1987 384 2026 a
406 1963 648 2048 reliquis
675 1962 923 2023 minime
953 1954 1293 2042 discrepans
1315 2002 1331 2029 ,
1359 1952 1810 2040 conspiceretur
1831 2000 1848 2016 .
1873 1954 2083 2019 Heinc

350 2056 543 2145 igitur
587 2052 1029 2142 supervacaneo
1069 2049 1275 2112 labore
1311 2046 1459 2111 illud
1498 2044 1795 2110 illustrare
1847 2067 2082 2131 neque,

348 2149 755 2238 cogitavimus
785 2166 1080 2232 umquam
1102 2190 1120 2218 ,
1145 2164 1338 2231 neque
1361 2138 1625 2232 aggressi
1650 2135 1855 2204 sumus
1877 2187 1891 2201 .
1930 2143 2082 2204 Prae-

350 2261 510 2307 terea
549 2241 623 2305 de
665 2240 878 2304 eadem
903 2233 1159 2303 adversa
1202 2257 1372 2325 parte
1399 2231 1820 2308 numismatis,
1868 2235 1926 2295 in
1962 2255 2082 2316 qua

347 2335 655 2403 Hercules
681 2332 745 2397 ὃ(
774 2334 1056 2395 Minerva
1080 2331 1272 2392 caelati
1299 2327 1437 2390 sunt
1471 2374 1492 2403 ‚
1531 2323 1756 2390 necesse
1800 2348 1919 2387 non
1962 2321 2082 2388 fuit

348 2428 522 2491 nobis
563 2422 840 2489 disserere
872 2470 891 2499 ,
925 2444 1118 2509 quum
1154 2421 1303 2483 nihil
1337 2418 1411 2482 ad
1452 2440 1584 2482 rem
1628 2417 1892 2481 nostram
1935 2417 2080 2482 illu-

345 2519 652 2586 strandam
691 2521 1016 2605 pertineret
1043 2563 1062 2591 ,
1099 2513 1174 2579 de
1216 2537 1331 2601 qua
1362 2514 1422 2577 in
1447 2513 1580 2576 a¹iis
1606 2507 2076 2576 numismatibus

347 2635 526 2706 agere
563 2612 941 2702 potiffimum
966 2609 1304 2675 institutum
1334 2624 1461 2671 erat
1485 2654 1503 2681 ,
1535 2603 1816 2671 videlicet
1834 2605 1907 2668 de
1935 2608 2077 2678 Mos

345 2728 768 2799 nogrammate
814 2703 1162 2770 sanstiffimi
1200 2702 1487 2765 Nominis
1524 2721 1697 2769 JEsU:
1739 2698 1814 2763 de
1866 2692 2075 2762 Afella.

344 2807 586 2890 pullum
623 2802 883 2867 lafiante
917 2827 935 2879 ;
980 2797 1138 2866 &de
1169 2795 1514 2884 Scorpionis
1543 2793 1710 2883 signo
1735 2839 1753 2867 ,
1804 2812 2075 2878 quorum

349 2917 513 2958 certe
560 2898 705 2960 nihil
746 2898 804 2959 in
845 2896 959 2958 hoc
995 2887 1353 2958 numismate
1396 2885 1730 2977 expressum
1778 2885 1858 2950 est
1901 2934 1915 2950 .
1960 2887 2074 2949 Ni-

346 2989 680 3052 hilominus
728 2988 1147 3054 Alexandrum
1183 2990 1475 3049 Severum
1503 2982 1684 3072 Agoni
1718 2976 2073 3071 praesedissej

339 3085 413 3149 &¹
448 3109 689 3149 maxime
721 3084 987 3150 Herculeo
1030 3086 1090 3148 in
1126 3083 1420 3145 honorem
1447 3079 1665 3170 Magni
1707 3072 2069 3152 Alexandri,

1194 3175 1246 3228 D
1289 3188 1316 3225 2
1800 3165 1993 3223 merni-
