2550 3898
554 489 624 549 ‚4
849 474 1730 537 DISSERTATIO

491 557 554 643 ὅ(
590 557 777 622 sacras
815 565 1077 627 maxime
1113 567 1510 652 contemplari
1541 612 1558 637 ,
1609 565 1667 627 in
1704 559 1888 649 iisque
1919 566 2208 652 occupari

489 676 558 716 ex
599 652 793 716 veteri
838 679 976 719 meo
1020 655 1295 721 instituto
1354 663 1412 720 in
1458 658 1687 721 deliciis
1731 657 1970 736 habeo)
2013 684 2031 734 3
2080 661 2205 719 imo

482 743 803 834 postquam
832 748 1092 837 epistolae
1122 750 1558 813 humaniffirnae
1590 775 1692 838 per
1716 751 2060 833 tabellarios
2085 773 2206 814 non

484 836 671 903 semel
701 841 864 904 ultro
894 845 1172 930 citroque
1199 847 1436 930 perlatae
1461 842 1598 906 sunt
1618 892 1637 919 ‚
1663 845 1973 932 inopinato
2009 843 2211 908 stilum

484 933 549 996 in
591 957 725 995 mea
768 931 987 1022 scripta
1045 955 1403 1000 convertere
1464 955 1643 1024 atque
1711 961 1989 1001 exercere
2047 939 2212 1026 prior

485 1022 812 1089 instituerit
863 1072 882 1101 ,
940 1026 1218 1116 typisque
1268 1029 1524 1117 publicis
1584 1028 1708 1094 suas
1754 1030 2212 1095 lucubrationes

491 1120 919 1207 evulgaverit,
957 1128 1263 1185 neminem
1309 1124 1516 1187 mirari
1558 1127 1900 1211 putaverim
1941 1171 1961 1200 ,
2006 1125 2048 1185 fi
2094 1146 2217 1187 ea„

491 1236 609 1300 qua
662 1210 934 1276 honestos
993 1215 1265 1279 homines
1329 1215 1505 1281 decet
1559 1216 1848 1281 modestia
1887 1263 1906 1291 ,
1954 1213 2219 1281 caussam

481 1328 702 1371 meam
737 1326 914 1396 agam
948 1354 966 1382 ‚
1026 1330 1090 1373 ut
1131 1313 1350 1374 veritas
1392 1333 1597 1374 rerum
1643 1336 1673 1373 a
1715 1310 1884 1373 nobis
1951 1308 2218 1398 propoli-

496 1417 702 1464 tarum
742 1404 938 1491 magis
982 1400 1293 1492 magisque
1334 1403 1663 1467 elucescat:
1692 1410 1901 1493 Agam
1947 1427 2092 1466 vero
2119 1406 2217 1466 vel

499 1494 765 1567 invitus,
815 1496 966 1557 illud
1013 1503 1183 1559 unice
1221 1496 1563 1582 postulans,
1604 1516 1671 1561 ut
1715 1519 1824 1560 vos
1861 1544 1883 1571 ,
1920 1494 2219 1559 ornatiffi-

497 1587 586 1650 mi
614 1588 789 1659 Viri,
835 1583 1124 1650 sinceram
1165 1592 1245 1651 rei
1283 1592 1599 1653 veritatem
1629 1614 1748 1678 prae
1772 1590 1966 1652 oculis
1998 1588 2223 1652 habene

499 1694 626 1750 teS,
673 1677 870 1741 vestro
903 1680 1138 1759 judicio
1177 1681 1342 1767 quod
1369 1681 1597 1763 justum
1641 1679 1824 1745 fuerit
1862 1684 1920 1744 in
1961 1683 2077 1747 hoc
2119 1704 2225 1744 ne-

499 1774 673 1858 gotio
695 1769 1031 1836 decernatis
1050 1820 1068 1848 ,
1097 1771 1158 1837 &-
1183 1777 1229 1837 is
1254 1822 1272 1849 ‚
1300 1777 1399 1862 qui
1431 1797 1525 1838 me
1552 1771 1822 1838 suaviter
1848 1771 1909 1840 ὅ(
1930 1776 2227 1861 tranquil-

502 1867 558 1928 le
610 1865 1065 1930 incumbentem
1112 1865 1318 1930 studiis
1377 1869 1689 1932 literarum
1748 1865 2219 1954 quodammodo

501 1958 926 2045 perturbavit,
974 1980 1189 2047 pacato
1222 1963 1424 2022 animo
1448 2008 1466 2036 ,
1506 1961 1815 2047 quomodo
1854 1958 1917 2026 ὅ(
1952 1981 2067 2051 ego
2099 1961 2224 2025 haec

505 2052 694 2113 literis
726 2053 950 2114 mando
984 2099 1003 2128 ,
1061 2050 1355 2140 scriptum
1390 2055 1573 2116 hocce
1615 2078 1818 2118 meum
1860 2072 2224 2142 percurrat,

509 2165 577 2204 ac
613 2142 966 2209 sententiam
1010 2144 1271 2210 vestram
1312 2147 1601 2235 ampleffiti
1640 2146 1712 2211 fit
1745 2166 1990 2236 paratus
2018 2195 2033 2212 .

697 2240 798 2308 Ut
839 2241 1026 2329 igitur
1059 2265 1093 2303 a
1129 2237 1371 2304 summo
1414 2244 1609 2330 capite
1657 2241 2219 2316 exordiamur-(ne-

504 2327 651 2393 cesse
705 2334 867 2396 enirn
907 2333 992 2395 est
1050 2356 1180 2394 rem
1231 2354 1498 2420 repetere
1547 2333 1620 2397 ab
1655 2335 1831 2397 initio
1886 2342 1970 2411 ),
2023 2357 2225 2399 aeread

502 2440 759 2509 quatuor
822 2422 1188 2488 numismata
1246 2449 1365 2490 non
1446 2446 1615 2490 antea
1698 2431 1951 2518 vulgata
1994 2475 2013 2503 ,
2079 2450 2225 2515 quo-

508 2539 648 2579 rum
702 2521 805 2582 uni
862 2519 1149 2584 divinum
1204 2543 1333 2589 JESU
1368 2544 1613 2586 CHRisTr
1653 2525 1900 2585 Nomen
1952 2518 2109 2584 hisce
2154 2518 2225 2584 fi-

505 2611 622 2699 glis
663 2633 773 2676 1Hv
817 2610 1031 2678 saeculo
1069 2619 1171 2678 111.
1213 2617 1454 2678 ineunte
1496 2610 1836 2703 expreffurn
1879 2611 2048 2678 fuiffe
2083 2636 2219 2676 con·

505 2706 812 2769 tendimus
856 2756 875 2783 ,
938 2709 1080 2773 viris
1146 2707 1338 2772 doc‘lis
1394 2731 1690 2797 exponere
1747 2709 1947 2772 conati
2019 2704 2224 2774 sumus

504 2797 564 2858 in
613 2799 1042 2867 Dissertatione
1082 2801 1175 2865 De
1207 2803 1486 2888 ‘vetustate
1536 2800 1821 2888 &firma
1862 2801 2226 2889 Monogram-

502 2898 672 2956 matis
720 2894 1057 2983 SanHiffi'mi
1096 2896 1359 2960 Nominis
1397 2919 1526 2964 JESU
1552 2944 1567 2959 .
1612 2897 1889 2961 Primum
1930 2898 2225 2971 illorum,

507 2986 674 3071 quod
715 2992 1046 3055 Alexandri
1089 2994 1296 3057 Severi
1337 3009 1515 3077 caput
1565 2990 1801 3053 leonina
1852 2992 2004 3079 pelle
2053 3013 2227 3054 orna-

505 3095 640 3146 tum
679 3081 899 3150 referre
932 3086 1199 3151 diximus
1223 3132 1244 3163 ,
1287 3083 1530 3171 oblique
1566 3085 1942 3150 delineatum
1979 3081 2102 3230 elg,
2142 3080 2221 3149 fic

2002 3195 2030 3230 a
2071 3194 2145 3252 JC·
