2550 3898
828 477 1712 536 APOLOGETICA
1825 514 1829 517 .
1963 478 2050 537 29

427 568 652 659 politiae
683 564 876 632 cauffa
902 579 1109 627 totum
1131 559 1540 622 inverteretur
1562 599 1581 629 ,
1616 547 2142 640 quemadmodum

431 659 844 728 demonstrant
873 652 1150 741 exempla
1188 649 1583 737 quamplura,
1635 669 1763 733 quae
1802 647 1863 710 in
1899 641 2144 709 historia

429 753 653 823 diverfi
712 748 1008 837 temporis
1064 741 1425 809 succurrunt
1463 786 1483 817 ,
1532 739 1756 804 damno
1810 737 2146 805 Catholicae

431 850 602 917 Fidei
646 843 837 909 ferme
879 835 1286 927 inexplicabili
1345 842 1497 911 (1).
1550 832 2147 910 Verumenimvero,

431 946 535 1033 qui
595 943 709 1005 hoc
749 938 952 1000 animo
999 930 1296 996 illustrare
1336 928 1636 1020 cogitaret
1679 921 2021 1016 Augustam
2069 924 2155 988 hi-

431 1036 673 1103 storiam
720 1037 1144 1095 Romanorum
1184 1030 1637 1110 Imperatorum
1701 1020 1918 1109 prioris
1981 1018 2091 1084 aevi
2132 1062 2153 1096 ,

432 1131 499 1199 ὅ(
560 1130 821 1192 aliorum
880 1118 1233 1205 Principum
1296 1115 1546 1177 infelicis
1593 1113 1972 1177 Gentilitatis
2011 1156 2031 1185 ,
2083 1125 2154 1173 ut

437 1223 735 1292 Amuleta
778 1212 885 1281 effe
933 1212 1216 1277 decernat
1258 1230 1325 1270 ea
1363 1202 1771 1279 numismata,
1818 1227 1948 1291 quae
1992 1205 2155 1269 Her-

440 1321 643 1384 culem
685 1311 746 1378 ὅ(
783 1313 1134 1374 Minervam
1161 1351 1179 1379 ,
1222 1297 1486 1388 aliosque
1527 1299 1819 1363 Gentium
1857 1302 2024 1361 Deos
2072 1300 2160 1359 re-'

441 1408 839 1501 praesentant,
884 1400 947 1467 ὅ(
989 1399 1063 1463 ad
1101 1394 1484 1460 celebrandas
1511 1393 1862 1480 Principum
1898 1391 2161 1457 virtutes

445 1500 892 1571 Fortitudinem
933 1541 951 1570 ,
1005 1495 1299 1559 Pietatem
1341 1534 1361 1564 ‚
1412 1488 1801 1577 Religionem
1840 1526 1865 1560 >,
1925 1485 2165 1571 Sapien-

443 1603 592 1664 tiam
637 1593 754 1660 ἃς.
803 1585 1067 1678 percussa
1093 1586 1266 1659 sunt,
1317 1584 1362 1645 is
1400 1577 1765 1645 numismata
1788 1577 1991 1641 omnia
2037 1579 2163 1639 Im-

446 1708 798 1782 peratorum
869 1699 975 1743 aut
1048 1683 1292 1765 Regum
1342 1718 1362 1747 ,
1430 1675 1490 1736 in
1553 1668 1769 1759 quibus
1832 1675 2163 1734 Deorum..-

445 1784 736 1871 imagines
802 1771 1144 1860 frequenter
1203 1768 1396 1834 obviae
1449 1761 1586 1829 sunt
1637 1808 1658 1838 ,
1698 1760 1968 1845 judicare
2002 1769 2165 1849 pote&

446 1880 525 1944 rit
556 1924 573 1951 ‚
611 1867 1122 1960 quandocumque
1166 1860 1404 1933 lubeat,
1455 1879 1644 1948 genus
1690 1857 2164 1922 Amuletorum.'

451 1969 772 2057 Colligant
810 1982 958 2028 vero
1007 1959 1130 2021 haec
1171 1954 1277 2041 qui
1317 1953 1506 2016 velint
1547 1998 1567 2027 ,
1616 1972 1723 2015 nos
1765 1947 1839 2014 ad
1876 1950 1990 2016 alia
2031 1961 2169 2038 pro*

452 2083 733 2156 peramus
766 2103 781 2122 .

640 2149 940 2242 Equidem
993 2139 1218 2212 necesse
1255 2141 1339 2210 est
1375 2136 1448 2209 de
1493 2156 1712 2231 quarto
1769 2136 2173 2206 numismate?

453 2249 783 2319 instaurare
839 2242 1181 2307 sermonem
1217 2288 1236 2316 ,
1283 2241 1342 2302 in
1391 2261 1512 2325 quo
1549 2254 1730 2324 caput
1778 2233 2173 2324 Imperatoria

455 2348 726 2412 lauream
760 2356 1050 2400 coronam
1094 2331 1323 2422 gestare
1366 2331 1633 2393 diximus
1670 2369 1692 2402 ,
1744 2352 1862 2390 non
1902 2347 2177 2416 gemma·

453 2458 582 2505 tam
609 2461 629 2514 3
671 2431 732 2499 ὃ(
756 2428 1123 2520 epigraphen
1154 2445 1312 2490 ιονιε
1338 2444 1492 2485 nmo
1517 2469 1536 2496 ,
1580 2441 1700 2482 non
1724 2422 1921 2484 literas
1950 2445 2006 2483 D.
2032 2442 2092 2484 u.
2114 2443 2177 2485 v.

458 2534 688 2598 circum
735 2526 854 2614 legi
892 2571 908 2597 ,
946 2518 1081 2583 satis
1132 2536 1332 2607 aperte
1387 2513 1562 2601 supra
1612 2508 2122 2579 manifestavimus
2156 2558 2178 2590 ,

458 2624 683 2693 adeout
718 2612 1026 2683 nobiscum
1068 2612 1279 2677 sentiet
1319 2607 1579 2699 quisquis
1625 2609 1970 2696 opinionem
2009 2604 2176 2672 suam

461 2714 792 2787 rationibus
831 2708 1122 2775 subiicere
1172 2729 1289 2770 non
1328 2722 1613 2795 gravetur
1648 2725 1663 2764 ε
1714 2724 1882 2766 mens
1918 2702 2180 2789 quippe,

1939 2797 2106 2849 homi-

513 2889 576 2935 (1)
612 2888 706 2925 Haec
722 2882 852 2924 scribit
882 2877 1119 2930 Lampridius
1147 2879 1182 2914 in
1204 2878 1296 2916 Meu
1347 2874 1478 2917 mina,
1508 2873 1682 2912 dicuntur
1713 2873 1903 2918 Adriani,
1933 2887 2013 2924 quae
2036 2874 2098 2911 ille
2126 2881 2181 2917 aa

459 2942 605 2984 :andro
635 2943 774 2979 Severo
812 2940 910 2986 Cap.
948 2946 1104 2973 xum.
1152 2933 1292 2970 Christo
1349 2932 1410 2968 hoc
1425 2926 1565 2980 parasse
1584 2927 1801 2966 dicebatur:
1827 2928 1893 2981 sed
1907 2929 2182 2981 prohibitusess

462 2996 638 3047 templum
655 2993 791 3043 facere
826 2990 946 3030 votuit
975 3013 988 3031 ,
1019 2999 1174 3035 eumque
1199 2992 1297 3024 inter
1354 2986 1401 3022 ab
1419 2984 1490 3024 iis,
1521 2984 1584 3032 qui
1622 2984 1849 3030 consulentes
1869 2982 2008 3033 sacra,
2041 2997 2185 3034 repere.

462 3054 564 3089 Deos
584 3050 738 3099 recipere
754 3076 764 3087 .
803 3042 1178 3098 Qy,12d29'ddrianus
1199 3041 1295 3091 cogi·
1354 3050 1442 3077 rant
1474 3050 1594 3075 onmes
1626 3035 1852 3076 Chriflianos
1867 3037 2054 3087 futuros,
2079 3040 2115 3086 fi
2143 3039 2185 3079 id

460 3102 688 3155 taffefcreur
704 3127 714 3143 ‚
745 3100 956 3150 quitempla
992 3097 1027 3134 in
1054 3091 1217 3134 omnibin
1239 3096 1294 3132 ci·
1355 3103 1478 3143 optato
1498 3089 1698 3140 evenisset,
1729 3096 1925 3144 &templa
1941 3094 2091 3144 reliqua
2114 3095 2183 3130 de.

463 3158 651 3196 vztatibm
671 3156 750 3204 fine
780 3151 990 3202 fimulacris
1006 3148 1158 3200 juffemt
1179 3148 1296 3196 fierit
1356 3148 1536 3185 {fruenda
1552 3153 1630 3186 &c-
1663 3145 1745 3186 Aila
1770 3147 1984 3195 hujusmodi
2014 3146 2185 3200 exempla

464 3225 542 3267 qua
559 3211 664 3252 hodie
681 3233 696 3252 ,
714 3207 843 3248 idcirco
862 3206 953 3258 quia
968 3220 1039 3245 non
1059 3205 1105 3243 ha
1114 3205 1198 3243 bent
1219 3202 1300 3242 Nu·
1356 3200 1465 3241 facile
1482 3202 1536 3241 his
1552 3201 1694 3242 addent
1711 3202 1847 3243 eruditi
1868 3203 1948 3244 Viri
1960 3228 1974 3246 .
