2550 3898
501 457 588 534 48
805 458 1683 518 D1ssERTA‘r1o

411 545 608 634 quibus
634 562 740 632 pro
759 546 1002 612 Gemmis
1038 552 1127 611 uti
1143 547 1334 633 solent
1355 592 1374 620 ,
1398 544 1557 634 [Isth
1569 540 1800 632 frustm
1828 543 2005 634 legari
2021 562 2120 629 po·-

409 637 530 699 tes‘i‘
547 685 563 701 .
615 636 736 703 Sed
763 662 953 727 quum
981 638 1329 705 earumdem
1359 636 1879 704 Observationum
1903 637 2118 703 austor

409 732 579 795 illam
624 730 854 798 tribuat
877 740 980 812 (1)
1033 733 1295 801 Herculi
1332 728 1652 797 Francisco
1683 730 1947 796 Dandini
1971 734 2121 795 Pan·

411 822 726 889 destarum
755 825 1080 915 Interpreti
1116 822 1445 890 clariffimo
1487 828 1548 889 in
1584 823 1917 888 Academia
1953 829 2128 890 Pata·

414 919 555 982 vina
574 926 701 997 (2),
723 918 918 984 nostra
952 940 1199 1007 quoquo
1232 918 1427 986 modo
1455 914 1697 984 interest
1720 919 1894 982 illum
1916 917 2127 982 admo-

411 1032 586 1089 nere,
612 1013 761 1077 hanc
787 1017 1074 1102 Spartam
1113 1037 1147 1078 a
1186 1010 1357 1077 nobis
1378 1010 1562 1083 *fuiffe
1593 1030 2078 1101 praeoccupatam
2104 1036 2125 1088 ;

415 1101 480 1170 ὅ(
506 1102 550 1168 fi
588 1130 622 1169 a
660 1106 1028 1196 graviffimis
1058 1106 1564 1197 occupationibus
1617 1101 1917 1169 sacrarum
1960 1110 2131 1171 Con-

413 1198 664 1262 cionum
687 1245 707 1274 ,
743 1198 960 1286 quibus
993 1217 1160 1264 totus
1197 1199 1470 1265 addistus
1507 1196 1588 1263 est
1611 1246 1631 1275 ,
1665 1197 1728 1264 ὅ(
1761 1196 1975 1284 quibus
2023 1198 2125 1261 vel

415 1291 736 1356 recitandis
758 1338 779 1369 ‚
799 1294 896 1357 vel
923 1292 1236 1358 elimandis
1262 1317 1329 1357 ac
1353 1290 1756 1382 perpoliendis
1776 1287 2013 1355 fortasse
2043 1289 2130 1354 di·

414 1381 663 1451 stinetur
686 1432 706 1462 ,
747 1409 851 1475 per
874 1390 1075 1451 otium
1099 1385 1386 1476 tantisper
1418 1384 1538 1475 ipse
1564 1385 1884 1449 diverterit
1908 1431 1928 1469 ‚
1954 1381 2131 1446 facile

413 1479 690 1542 eamdem
724 1481 980 1566 reperiet
1013 1483 1070 1544 in
1108 1480 1310 1546 nostro
1347 1483 1556 1568 Opere
1588 1478 1662 1543 de
1692 1484 1903 1541 Aureo
1929 1480 2127 1539 Num-

412 1591 518 1631 mo
544 1573 733 1635 veteri
759 1570 1056 1636 illustrato
1079 1579 1184 1650 (3)
1206 1619 1226 1649 ,
1261 1574 1427 1660 quod
1452 1575 1630 1660 Opus
1654 1572 1966 1634 Florentiae
1994 1590 2130 1656 pro·

417 1659 532 1725 diit
554 1663 612 1725 in
641 1665 842 1726 lucem
882 1686 1038 1727 anno
1062 1686 1113 1726 M
1134 1689 1171 1727 D
1191 1686 1336 1730 ccx
1355 1690 1392 1729 x
1415 1687 1546 1728 xvx
1568 1688 1593 1726 1
1615 1688 1668 1726 1.
1707 1685 1922 1748 nempe
1965 1663 2130 1723 annis

415 1778 456 1819 v
474 1780 498 1819 1
521 1775 909 1843 Lantequam
928 1754 1246 1822 Dandinus
1268 1761 1364 1822 De
1378 1752 1768 1845 servitutibus
1799 1754 2126 1840 praediorum

413 1851 895 1937 interpretationes
935 1870 1037 1937 per
1082 1851 1352 1938 Epistolas
1399 1852 1725 1941 vulgaret,
1762 1872 1888 1931 quae
1933 1853 2127 1911 Vero-

415 1965 503 2006 nae
543 1946 715 2033 typis
758 1944 1118 2032 prodierunt
1162 1967 1322 2007 anno
1360 1964 1670 2007 MDCCva.
1728 1946 1969 2005 Verum
2005 1939 2128 2002 haec

415 2035 634 2102 leviter
676 2055 857 2123 atque
899 2036 1098 2100 obiter
1138 2034 1311 2100 nobis
1344 2033 1616 2124 adtigisse
1666 2030 1963 2097 sufficiat.

599 2129 787 2214 Qod
828 2130 1129 2215 reliquum
1174 2128 1258 2193 est
1294 2175 1313 2203 ,
1380 2132 1518 2193 Viri
1553 2125 1879 2191 dottiffimi
1930 2173 1948 2201 ,
2009 2145 2128 2187 ea...

413 2241 543 2304 quae
612 2220 896 2286 haetenus
957 2222 1448 2286 elucubravimus
1518 2221 1746 2284 idcirco
1805 2219 1982 2283 vobis
2041 2219 2129 2279 in-

415 2309 758 2399 scripsimus
799 2360 819 2389 ,
867 2331 983 2387 ut,
1030 2314 1198 2400 quod
1251 2317 1424 2375 initio
1492 2315 1666 2394 hujus
1708 2311 2128 2400 Apologeticae

417 2402 864 2470 Dissertationis
930 2402 1163 2495 praefati
1218 2402 1424 2469 sumus
1472 2452 1493 2482 ,
1558 2402 1867 2493 perspicue
1959 2406 2130 2466 intel-

417 2499 684 2589 ligeretis
741 2546 762 2576 ,
825 2500 1118 2564 nimirum
1192 2501 1473 2564 veritatis
1555 2502 1749 2588 magis
1827 2497 2128 2562 elucidan-

338 2655 344 2658 ,
418 2591 510 2654 dae
573 2591 840 2657 caussam
907 2596 1026 2658 huc
1076 2591 1260 2682 usque
1328 2617 1435 2658 nos
1484 2592 1670 2683 egisse
1732 2638 1748 2654 .
1806 2596 1957 2655 Eam
2020 2590 2125 2677 igi-

416 2703 518 2749 tur
554 2733 574 2762 ,
632 2712 817 2776 quum
883 2711 989 2751 nos
1033 2683 1350 2752 obtinuisse
1398 2687 1798 2750 existimemus
1847 2731 1866 2759 ,
1929 2682 2127 2747 Vobis

420 2780 632 2868 plane,
679 2784 781 2871 qui
819 2784 1131 2848 literarum
1178 2780 1395 2858 laude,
1436 2778 1498 2846 ὅ(
1545 2801 1790 2844 morum
1851 2773 2129 2839 severita-

1989 2879 2043 2921 te

470 2965 534 3011 (ι)
564 2965 759 3014 Oſjervax·
776 2976 862 3016 pag.
882 2975 945 3013 3²·
1293 2971 1329 3001 to
1349 2966 1429 3000 effe.
1465 2962 1574 2999 Parte
1596 2958 1654 2997 11.
1694 2959 1796 3007 Cap·
1810 2967 1906 2993 xxxo
1926 2966 2011 3005 pag·
2032 2954 2128 3011 ΗΣ*

478 3016 534 3063 (2)
570 3020 606 3059 Is
623 3022 721 3070 obijt
740 3023 843 3058 annis
860 3018 1113 3069 superioribus
1130 3043 1144 3061 ,
1162 3028 1236 3055 non
1293 3018 1328 3053 8<
1349 3028 1433 3065 pag,
1449 3019 1539 3058 276.
1567 3013 1637 3051 Sed
1671 3013 1754 3048 vide
1779 3019 1933 3060 quoque
1955 3006 2124 3046 Ludovx·

425 3062 495 3103 fine
525 3074 703 3124 lacrymis
729 3075 963 3113 eruditorum
984 3098 998 3117 ,
1030 3073 1094 3123 qui
1128 3071 1237 3123 plura
1293 3082 1378 3106 cum
1406 3069 1566 3106 Coelium
1605 3065 1864 3116 Rhodiginum
1912 3060 2126 3099 Lelmnum

421 3118 468 3156 ab
487 3137 533 3162 eo
556 3130 676 3165 adhue
697 3128 943 3178 expefflabant
963 3150 975 3162 .
1294 3122 1541 3171 antiquarum
1578 3118 1695 3161 Libro
1717 3131 1757 3160 x·
1787 3115 1923 3168 Capite
1957 3115 2015 3158 11·
2047 3113 2131 3151 CO·

467 3179 532 3228 (3)
565 3181 597 3218 Il
616 3181 758 3220 Fiorino
778 3183 818 3217 κί’
836 3195 891 3220 oro
919 3178 1040 3219 ann'co
1074 3178 1244 3218 illussra‘
1297 3176 1425 3216 lumna
1440 3185 1535 3223 497.
