2550 3898
424 270 502 334 96
993 325 1811 386 ANIMADVERTENDA

430 481 683 615 QJum
708 485 874 540 duplex
896 478 941 519 in
964 478 1042 520 hac
1063 475 1383 518 Dissertatione
1402 485 1609 515 occurrat
1626 482 1836 513 numerus
1859 468 2117 524 paginarum
2138 499 2151 520 ,
2168 485 2268 526 quae
2288 487 2369 517 no..

610 564 768 594 tantur
797 558 982 592 numero
1008 550 1083 594 65.
1109 543 1240 597 usque
1265 543 1314 584 ad
1340 554 1573 583 numerum
1602 551 1678 595 72.
1702 551 1792 579 non
1811 536 1891 579 effe
1919 538 2371 595 negligendumjudi-

599 622 804 663 cavimus
825 616 920 659 heic
939 614 1087 666 paucis
1111 625 1202 652 rem
1225 621 1446 663 exponere
1471 639 1480 648 .
1515 607 1656 650 Porro
1678 605 1972 659 typographi,
2000 617 2053 646 ut
2072 619 2166 648 mos
2188 607 2245 649 est
2262 638 2275 656 ‚
2298 606 2374 653 sae-

425 702 482 743 pe
504 686 630 729 nobis
653 686 920 730 obtulerunt
952 678 1109 722 formas
1137 676 1433 720 characterum
1452 704 1465 727 ‚
1488 689 1620 716 manu
1644 669 1860 727 impressas
1877 698 1889 717 ,
1914 683 1962 713 ut
1981 700 1995 719 ,
2030 671 2059 714 fi
2087 688 2195 727 opus
2229 675 2335 720 effer
2351 706 2370 727 ,

424 767 665 808 antequam
702 751 835 810 praelo
867 747 953 790 illae
985 747 1408 789 committerentur,
1444 743 1768 797 corrigeremus
1804 736 1952 792 (quas
1977 753 2066 782 non
2090 738 2175 782 fine
2195 744 2368 785 incom-

424 822 558 864 modo
578 849 590 868 ‚
612 823 831 875 taedioque
853 847 866 866 ‚
888 819 1052 857 iterum
1073 812 1117 853 δε
1139 813 1272 855 tertio
1300 810 1632 852 emendavimus
1649 805 1700 860 );
1738 804 1967 849 servarunt
1991 820 2135 850 tamen
2155 805 2231 849 sibi
2265 809 2364 864 ipfis

420 903 576 932 curam
604 885 879 943 praenotandi
915 881 1094 935 paginas
1139 878 1333 919 numeris
1362 905 1376 923 ‚
1414 875 1660 929 eisdemque
1697 873 1854 916 titulos
1889 875 2135 928 adponendi
2162 906 2172 915 .
2206 874 2368 929 Itaque

424 955 585 999 fastum
609 955 666 998 est
688 983 701 1003 ‚
732 966 782 996 ut
803 951 958 993 folium
976 974 990 995 ‚
1021 946 1138 1000 quod
1160 944 1314 987 ordine
1337 941 1633 998 Alphabetico
1655 939 1866 997 signatum
1890 941 1946 982 est
1969 942 2096 986 litera
2119 942 2168 985 H
2188 973 2197 983 .
2230 941 2372 985 Item-

423 1038 512 1078 que
531 1019 686 1064 folium
704 1018 967 1072 subsequens
987 1042 1000 1062 ,
1032 1025 1237 1055 notatum
1259 1010 1387 1053 litera
1405 1010 1442 1052 I.
1475 1009 1674 1053 eamdem
1694 1008 1878 1051 habeant
1900 1010 2161 1064 paginarum
2181 1024 2371 1054 enume-

421 1093 644 1134 rationem
667 1118 680 1137 ‚
717 1085 926 1132 videlicet
956 1098 979 1125 a
1021 1094 1204 1123 numero
1230 1084 1309 1129 65.
1342 1075 1478 1131 usque
1510 1079 1562 1120 ad
1596 1090 1830 1119 numerum
1863 1086 1942 1129 72.
1978 1076 2180 1119 Primum
2212 1092 2367 1123 errore

420 1158 744 1214 typographico
763 1185 774 1196 .
813 1151 1063 1196 Secundum
1087 1151 1169 1191 rite
1190 1146 1406 1204 signatum
1443 1147 1505 1188 ita
1525 1145 1611 1188 est.
1646 1141 1809 1188 Omissa
1845 1143 1903 1185 est
1941 1157 2079 1199 ergo,
2118 1143 2268 1199 supina
2294 1158 2368 1195 ty-

420 1226 752 1282 pographorum
788 1219 959 1262 incuria
979 1219 1196 1273 ,integra
1227 1215 1506 1258 enumeratio
1523 1213 1781 1268 paginarum
1801 1210 1929 1262 οξὶο,
1964 1224 2118 1268 nempe
2146 1227 2167 1254 a
2202 1228 2366 1256 nurne-

421 1307 476 1338 ro
504 1303 576 1346 57.
607 1292 659 1334 ad
682 1301 919 1332 numerum
939 1278 1072 1338 usque
1091 1286 1173 1333 64.
1212 1283 1327 1343 Qae
1349 1281 1526 1335 quidem
1548 1280 1824 1322 enumeratio
1851 1277 2113 1334 praefigenda
2138 1272 2232 1322 erat
2257 1279 2368 1324 folio

422 1358 592 1414 signato
611 1359 676 1401 lit.
696 1357 747 1399 H
769 1389 778 1397 .
808 1354 922 1397 Haec
943 1353 1069 1409 plane
1089 1362 1214 1395 erant
1237 1349 1623 1392 animadvertenda
1646 1376 1660 1396 ,
1693 1359 1746 1389 ut
1766 1359 1906 1401 quum
1930 1345 2086 1401 legeris
2121 1348 2234 1390 hanc
2259 1346 2366 1390 Dis·-

422 1423 708 1469 sertationem
728 1453 742 1473 ‚
762 1421 808 1465 δε
828 1423 1010 1478 citatam
1029 1419 1255 1463 inveneris
1282 1429 1324 1458 v.
1349 1432 1393 1472 g.
1416 1417 1617 1472 paginam
1637 1421 1713 1458 60.
1734 1428 1903 1469 quaeras
1923 1415 1968 1455 in
1991 1415 2144 1457 eodem
2162 1413 2271 1457 folio
2291 1415 2366 1458 H.

420 1508 519 1550 pag.
541 1494 616 1534 68.
647 1505 748 1545 quae
782 1502 967 1530 numero
983 1487 1061 1530 60.
1089 1486 1327 1541 praenotari
1347 1484 1567 1533 debebat3
1596 1482 1641 1524 ὃ(
1671 1485 1718 1525 in
1742 1483 1898 1524 eodem
1919 1479 2054 1528 folio,
2096 1485 2252 1537 pagina
2280 1487 2357 1527 68.

421 1561 498 1603 ubi
515 1561 562 1599 in
584 1555 891 1600 Adnotatione
912 1564 951 1610 3.
973 1555 1136 1595 citatur
1156 1566 1251 1605 pag.
1267 1564 1347 1605 90.
1367 1564 1415 1605 9.
1437 1551 1570 1593 velim
1601 1549 1819 1603 intelligas
1841 1547 2154 1591 observandam
2183 1549 2265 1592 esse
2286 1567 2362 1607 pa-

417 1628 567 1683 ginam
589 1626 664 1677 87.
697 1622 887 1676 Reliqua
905 1649 918 1668 ‚
940 1619 1124 1663 candide
1144 1615 1303 1661 Letior
1319 1645 1335 1665 ,
1358 1628 1446 1658 tuae
1472 1616 1738 1658 humanitati
1760 1614 2001 1668 castiganda
2024 1616 2318 1670 relinquimus
2343 1652 2354 1662 .

421 1692 561 1740 Nulla
585 1691 642 1735 est
661 1692 778 1735 enim
800 1690 846 1731 in
863 1688 1043 1730 edendis
1062 1684 1182 1728 libris
1214 1697 1320 1726 cura
1341 1712 1354 1733 ‚
1391 1693 1470 1725 aut
1492 1681 1745 1725 sollicitudo
1787 1696 1876 1723 non
1897 1681 2128 1724 necessaria
2152 1700 2163 1724 :
2198 1684 2359 1739 Neque

418 1762 523 1805 huic
558 1759 699 1815 Operi
732 1756 991 1801 absolvendo
1012 1784 1026 1804 ,
1066 1765 1199 1808 atque
1234 1751 1530 1806 expungendo
1568 1750 1710 1792 nostra
1737 1747 1970 1803 diligentia
2003 1744 2088 1793 fuit
2110 1747 2241 1805 satis,
2275 1766 2360 1805 ut,

418 1829 539 1887 quod
561 1838 655 1875 erat
671 1828 718 1871 in
737 1828 853 1876 votis
874 1853 891 1878 a
909 1823 1029 1872 nulia
1045 1822 1090 1866 in
1113 1836 1167 1867 eo
1187 1818 1306 1867 labes
1324 1846 1342 1873 ,
1373 1831 1450 1865 aut
1470 1817 1640 1865 macula
1658 1827 1905 1864 remaneret
1933 1848 1945 1859 ο
