2550 3898
586 485 668 521 20
1123 464 1172 523 E
1211 482 1244 522 1>
1285 480 1308 521 1
1345 480 1373 519 s
1410 478 1450 518 T
1487 478 1529 520 o
1565 477 1599 517 L
1630 476 1719 517 ΑΕ

586 551 962 638 Antiquario
1000 559 1104 632 (1)
1141 598 1164 628 ,
1209 574 1367 616 anno
1420 567 1855 614 Moccxmv.
1895 544 2026 609 vita
2065 543 2278 611 defun·

577 645 680 709 &o
731 652 836 725 (2)
885 690 902 708 .
950 650 1137 710 Nunc
1191 666 1347 710 vero
1395 641 1628 707 exstant
1681 639 1841 730 apud
1905 640 2130 704 Virum
2192 642 2271 705 cl.

580 738 925 803 Rffium-P.
949 744 1269 803 Domnum
1300 740 1603 826 Joannem
1646 729 2035 800 Franciscum
2072 732 2275 796 Baldi-

577 854 726 895 num
766 833 1159 896 Clericorum
1194 832 1596 919 Regularium
1626 826 2142 916 Congregationis
2168 829 2275 889 So·
2321 838 2324 840 ’
2369 862 2374 864 -

573 922 826 988 maschae
847 930 1310 989 Procuratorem
1332 967 1354 997 ,
1382 939 1447 986 ut
1469 926 1671 999 ajunt,
1693 921 2062 987 Generalem
2083 963 2104 994 ‚
2127 939 2276 1006 quo-

575 1040 716 1081 cum
761 1041 875 1082 una
914 1016 1388 1106 gratulandum,
1437 1015 1560 1079 haec
1598 1011 1723 1104 ipsa
1757 1009 2123 1079 numismata
2157 1013 2274 1073 ill-2

576 1106 682 1173 suo
725 1108 953 1175 Museo·
985 1110 1061 1174 ad
1088 1112 1239 1175 hanc
1281 1109 1446 1173 diem
1484 1114 1698 1173 Romae
1734 1126 2058 1196 perennare
2098 1149 2117 1178 ,
2172 1102 2276 1167 ubi

573 1199 853 1292 descripti
896 1202 1185 1268 hafienus.
1230 1198 1614 1267 numismatis
1668 1201 1835 1264 aliud
1877 1199 2067 1262 fimile
2105 1215 2280 1261 vetus

575 1293 735 1359 stum
775 1300 1119 1385 exemplum
1157 1296 1430 1361 vidimus
1458 1294 1695 1371 ,adhuc
1734 1290 2051 1381 asperum,
2082 1290 2271 1354 literis

573 1391 756 1452 etiam
787 1395 1094 1478 utrimque
1124 1395 1397 1454 maxime
1419 1384 1757 1477 conspicuis
1786 1433 1806 1462 ,
1851 1383 2016 1473 quod
2063 1384 2276 1447 identi-

574 1479 717 1544 dem
760 1483 923 1569 apud
946 1484 1235 1548 eumdem
1261 1483 1563 1549 Palatium
1611 1478 1962 1544 servabatur
1990 1525 2005 1540 .
2054 1481 2280 1547 Unum-

573 1569 637 1638 &
677 1576 938 1639 alterum
1003 1597 1171 1663 parte
1230 1601 1347 1640 una
1403 1591 1589 1662 caput
1645 1572 1888 1637 exhibet
1935 1569 2276 1635 Alexandri

570 1665 762 1729 leonis
804 1671 957 1751 pelle
996 1670 1346 1731 conte&um
1372 1702 1402 1741 1,
1455 1685 1522 1729 ut
1560 1668 1623 1729 in¹
1662 1663 1958 1752 superiori
1993 1663 2275 1749 exprimi-

573 1774 674 1821 tur
697 1805 710 1821 .
746 1762 947 1830 Unius
972 1761 1028 1822 in
1054 1762 1389 1849 peripheria
1414 1760 1639 1847 legitur
1675 1778 1871 1820 ALEXA
1898 1803 1912 1820 .
1943 1804 1958 1819 .
1983 1805 1997 1819 .
2030 1802 2043 1817 .
2074 1777 2238 1819 NDER
2259 1801 2274 1817 .

572 1855 653 1916 Et
686 1854 743 1915 in
779 1852 989 1916 aversa
1016 1874 1185 1939 parte
1209 1900 1228 1928 ,
1280 1851 1398 1916 fine
1419 1855 1710 1914 lemmate
1742 1850 1907 1914 idem
1936 1847 2280 1913 monstrum

569 1940 917 2032 profertur,
939 1942 1110 2034 figno
1136 1968 1372 2031 quoque
1394 1945 1746 2029 Scorpionis
1771 1940 2018 2030 superne
2045 1937 2274 2027 adposi-

572 2054 636 2099 to
663 2083 677 2098 .
733 2043 808 2100 In
860 2040 1053 2100 altero
1090 2040 1324 2100 circum
1362 2036 1593 2125 legitur
1628 2057 1782 2098 ALEx
1807 2081 1997 2097 .....
2022 2054 2233 2097 xANDR
2256 2080 2270 2096 .

575 2128 750 2191 litera
782 2155 860 2191 x.
907 2128 994 2193 bis
1034 2133 1288 2216 repetita
1323 2176 1341 2204 ,
1391 2129 1456 2194 ὃς
1492 2133 1551 2190 in
1596 2127 1817 2214 postica
1857 2123 2269 2215 repraesentan-

574 2236 676 2283 tur
716 2244 856 2284 cum
911 2218 1026 2285 suis
1071 2219 1372 2308 symbolis
1422 2222 1724 2286 Hercules
1763 2266 1782 2294 ‚
1834 2217 1897 2286 ὅ(
1946 2223 2272 2294 Minerva,

570 2316 797 2399 pariter
852 2312 969 2376 fine
1011 2316 1136 2375 ulla
1178 2311 1568 2400 inscriptione
1609 2358 1624 2374 .
1679 2314 1875 2374 Aliud
1920 2309 2277 2375 numisma*

572 2404 861 2468 eumdem
896 2405 1321 2468 Alexandrum
1372 2399 1557 2468 refert
1594 2406 1796 2468 laurea
1848 2427 2071 2469 corona
2112 2407 2273 2469 circa·

572 2517 847 2585 tempora
912 2499 1269 2564 redimitum
1315 2545 1339 2574 ,⁴
1404 2520 1549 2561 cum
1615 2494 1915 2561 lemniscis
1983 2498 2058 2561 de
2101 2521 2271 2561 more

573 2589 973 2680 pendentibus
1015 2638 1036 2667 ,
1087 2588 1469 2681 prominente
1524 2593 1770 2658 dextero
1829 2592 2084 2654 humero
2129 2614 2271 2654 cum

572 2704 739 2773 parte
772 2685 1030 2772 pe&oris
1056 2732 1076 2762 ‚
1126 2683 1309 2751 effusa
1343 2682 1602 2776 desuper*
1637 2684 2011 2769 chlamyde,
2065 2681 2128 2749 ὅ(
2162 2685 2271 2746 cir-

573 2801 714 2845 cum
749 2781 972 2869 legitur
1003 2828 1024 2857 ,
1075 2778 1181 2845 etsi
1228 2783 1415 2845 iiterae
1457 2778 1796 2845 admodum
1842 2777 2077 2842 detritae
2114 2773 2270 2853 fint,

2111 2892 2269 2938 Jows

629 2988 689 3031 (ς)
721 2985 765 3022 Id
798 2989 960 3028 muneris
990 3002 1037 3028 eo
1068 2988 1224 3028 consilio
1241 2988 1278 3026 in
1300 2989 1406 3028 Urbe
1462 2988 1559 3026 fuito
1575 2986 1726 3026 distrahi
1754 2987 1899 3034 ponunt
1935 2999 2017 3037 quae
2037 2987 2265 3024 vetustatem

576 3036 786 3080 {nstitutum
808 3041 1107 3082 effiutstomanae
1125 3042 1318 3081 vetustatis
1334 3054 1416 3079 mo·
1474 3041 1635 3091 sapiunr3
1658 3042 1774 3079 Nunc
1792 3053 1917 3078 autem
1939 3053 1982 3078 eo
2002 3041 2164 3090 fungitur
2181 3038 2268 3076 offi-

575 3090 738 3130 nimenta
758 3094 895 3133 diutius
915 3096 1208 3135 conserventur,
1242 3097 1420 3135 constitu·
1476 3095 1538 3134 cio
1551 3096 1607 3133 vit
1626 3095 1674 3132 el.
1693 3094 1952 3146 Rodulphinus
1972 3093 2113 3134 Venus}
2130 3092 2269 3132 nobilis

576 3154 614 3185 to
647 3147 798 3195 publiea
834 3150 989 3199 pecunia
1020 3163 1148 3190 annuo
1176 3148 1289 3202 penso
1316 3148 1430 3188 Urbis
1484 3148 1754 3190 Cottonenfis.

574 3202 804 3251 Anzzqimrio
823 3216 834 3246 3
851 3204 988 3254 Neque
1022 3204 1122 3244 enirn
1151 3203 1432 3244 code-minema·
1540 3202 1598 3248 (z)
1633 3202 1747 3243 Obiit
1769 3204 1902 3244 Romae
1921 3215 1987 3243 xx.
2005 3201 2101 3242 Kai-
2116 3197 2209 3241 Mai?
2225 3221 2240 3235 ·
