2550 3898
374 284 445 327 70
974 281 1690 319 nrssERTATIO

372 341 440 395 da
459 340 621 397 effent
641 378 655 400 ,
697 341 849 413 queis
889 339 1238 397 illustraretur
1264 360 1380 396 mos
1406 339 1498 394 iste
1520 344 1780 409 majorum
1819 338 2123 394 nostrorum
2144 379 2157 400 ,
2202 339 2289 396 sed

375 421 604 474 anteivit
623 420 959 491 Ciampinius
990 422 1169 493 Opere
1206 421 1270 473 de
1298 416 1452 472 saciis
1478 415 1736 471 AEdificiis
1765 423 1892 483 [1],
1937 417 2102 471 alibi
2091 437 2146 472 in
2194 419 2292 475 hac

363 498 538 552 D1ffe1
544 512 746 551 tatione
783 498 986 553 citato,
1031 494 1397 571 praecessitque
1421 495 1767 549 Bonarrotius
1814 494 1916 548 suis
1943 493 2292 551 Observatio-

365 576 523 629 nibus
549 574 611 626 ad
634 571 774 625 iacta
796 575 1035 647 Dyptica
1058 583 1188 642 [2],
1215 577 1348 648 quin
1376 592 1665 627 memorem
1692 571 1829 625 alios
1857 570 1995 625 sacra
2020 574 2293 647 ‚profana-

368 672 474 725 que
500 651 807 704 eruditione
845 652 1148 725 piaestantes
1171 655 1353 710 viros,
1398 670 1634 726 quorum
1659 650 2069 705 lucubiationes
2116 653 2290 708 nostra

360 747 697 804 nequaquam
719 729 968 816 indigent
990 730 1296 784 laudatione
1327 772 1339 784 .

517 808 650 868 Vir,
695 808 790 880 qui
816 806 1070 880 palliatus
1113 808 1324 864 accedit
1361 807 1425 861 ad
1467 805 1661 863 sacram
1700 825 1996 862 LAVRENTII
2020 810 2279 882 Martyris

366 886 707 956 Confeffionem,
733 885 948 938 dextera
966 903 1177 939 cereum
1202 888 1477 939 ardentem
1499 885 1688 947 offert,
1724 882 1920 939 sinistra
1947 883 2157 938 sustinet
2174 884 2292 959 pal-

356 961 492 1015 lium
574 965 653 1015 Ita
683 961 904 1036 quidem
946 964 1130 1016 tunica
1166 961 1450 1037 pallioque
1474 964 1691 1018 indutos
1735 959 2032 1038 proceffiffe
2077 964 2287 1036 priores

361 1035 744 1094 Christifideles
769 1078 782 1098 ,
829 1039 1073 1094 indicant
1099 1079 1112 1100 ,
1155 1060 1276 1115 quae
1304 1040 1481 1096 adhuc
1507 1057 1782 1096 remanent
1801 1039 2001 1093 vetusta
2027 1036 2288 1095 sacrarum

357 1120 570 1173 AEdium
592 1133 943 1172 monumenta
983 1157 996 1177 ,
1057 1120 1113 1171 in
1157 1119 1355 1193 quibus
1396 1138 1559 1193 opere
1598 1119 1858 1173 teffellato
1905 1117 2131 1191 depietae
2169 1115 2289 1173 sunt

355 1198 618 1269 imagines
652 1214 766 1250 IEsv
806 1215 1026 1250 CHRJSTI
1050 1198 1280 1251 Domini
1304 1195 1503 1256 nostri,
1549 1213 1713 1270 atque
1738 1195 2129 1269 Apostolorum
2151 1201 2243 1268 [3]
2262 1238 2274 1252 .

351 1273 584 1343 Hujusce
608 1274 758 1328 vestis
780 1276 1068 1329 meminere
1095 1276 1148 1328 in
1172 1273 1387 1347 scriptis
1414 1271 1515 1328 suis
1538 1273 1871 1328 vetustissimi
1900 1274 2144 1328 nudiores
2171 1314 2183 1335 ,
2222 1293 2282 1330 ac

348 1351 642 1424 praesertim
665 1351 1034 1406 Tertullianus
1060 1352 1206 1407 libro
1243 1349 1499 1424 singulari
1539 1353 1601 1406 de
1630 1351 1800 1405 Pallio
1841 1349 2104 1424 inscripto
2146 1359 2238 1418 [4]
2265 1390 2279 1412 ‚

351 1429 408 1481 &
433 1428 679 1483 Eusebius
708 1426 1035 1483 Caesarienfis
1060 1435 1153 1496 [ς]
1178 1468 1190 1488 ,
1232 1431 1366 1503 quid
1387 1426 1575 1482 diserte
1608 1432 1939 1483 mentionem
1967 1431 2099 1482 iacit
2123 1449 2278 1484 aeneae

353 1504 533 1558 statuae
554 1504 640 1558 sua
664 1521 817 1559 aetate
849 1506 1023 1560 adhuc
1044 1509 1294 1561 exstantis
1334 1507 1398 1560 ad
1421 1504 1705 1560 Caesaream
1733 1506 1972 1580 Philippi
2005 1543 2018 1563 ‚
2059 1523 2277 1562 curante

347 1580 573 1636 muliere
595 1580 998 1636 Hemorrhoiffa
1024 1621 1037 1641 ,
1079 1587 1372 1655 eademque
1398 1583 1597 1636 sumtus
1622 1586 1673 1635 in
1699 1587 1850 1656 pium
1871 1603 2008 1655 opus
2034 1581 2281 1656 suppedi-

339 1673 486 1712 tante
510 1657 761 1713 conflatae
786 1698 798 1717 ‚
844 1660 901 1712 ὃς
921 1658 1251 1713 salvatorem
1275 1677 1437 1713 IESVM
1454 1679 1728 1713 CHR»STVM
1755 1700 1767 1718 ,
1794 1663 1976 1713 tunica
1999 1660 2278 1733 pallioque

340 1735 597 1791 indutum
626 1743 718 1803 [6]
744 1733 1050 1791 exhibentis
1079 1779 1090 1791 .
1133 1738 1406 1792 Lucianus
1429 1735 1854 1792 Christianorum
1895 1737 2142 1791 habitum
2168 1776 2179 1793 ‚
2222 1739 2280 1792 &

339 1811 705 1868 Christianum
727 1813 1007 1869 hominem
1026 1812 1120 1870 suo
1142 1835 1297 1871 more
1327 1814 1574 1869 vestitum
1597 1813 1897 1871 describens
1924 1857 1935 1876 ,
1979 1819 2280 1890 perjocum

343 1892 530 1966 inquit
557 1899 685 1960 [7].
728 1892 950 1948 Pallium
974 1910 1118 1965 putre
1141 1932 1154 1952 ,
1184 1898 1287 1963 fine
1325 1895 1492 1947 calcezs
1516 1895 1574 1952 ὠ»
1598 1904 1799 1967 tegmine
1818 1904 1986 1968 capztz‘s
2022 1897 2233 1948 incedens
2255 1933 2270 1955 ,

333 1970 522 2042 detensa
544 1990 672 2024 coma
697 1972 780 2032 &c
799 2006 813 2029 ,
857 1970 1035 2044 qualis
1057 1970 1150 2025 ille
1174 1973 1258 2024 vir
1278 1985 1539 2045 apparet,
1581 1973 1676 2043 qui
1702 1973 1754 2024 in
1775 1971 1946 2027 hocce
1983 1972 2275 2026 emblema-

331 2060 383 2100 te
425 2044 729 2120 sped‘tatur.
787 2047 878 2101 Ab
919 2067 984 2102 eo
1024 2048 1327 2103 indumenti
1365 2066 1558 2121 genere
1596 2047 1912 2104 Christianis
1958 2049 2269 2104 hominibus

332 2123 466 2177 adeo
494 2128 817 2184 communi,
862 2140 1069 2181 certum
1098 2126 1170 2181 est
1195 2128 1481 2180 dioterium
1519 2125 1845 2198 promanasse
1864 2150 1892 2183 a
1918 2131 2042 2200 ‘Toga
2065 2130 2127 2181 ad
2148 2129 2270 2182 Pal-

332 2202 454 2256 lium
498 2241 513 2264 ‚
559 2204 710 2272 cujus
753 2205 1000 2258 meminit
1036 2202 1406 2260 Tertullianus
1454 2207 1548 2270 [8]
1592 2239 1609 2264 ‚
1666 2224 1847 2278 quove
1898 2203 2269 2280 defignabatur

2111 2282 2182 2336 Pa
2224 2301 2274 2336 3-

325 2364 487 2393 veterum
507 2355 790 2404 christianorum
818 2359 1032 2407 explicatum
1064 2357 1141 2404 &a
1171 2364 1252 2395 Par·
1332 2365 1415 2398 riam
1435 2360 1594 2406 imaginis
1616 2374 1694 2396 ιεςν
1712 2375 1864 2397 CHRISTI
1887 2365 2024 2397 Domini
2040 2364 2142 2395 nostri
2172 2304 2269 2396 υξάί.

327 2421 360 2443 te
382 2423 412 2443 ι.
431 2415 514 2456 Cap.
525 2424 583 2445 xx..
611 2415 650 2444 In
669 2412 785 2445 eadem
802 2424 911 2445 autem
929 2412 1076 2446 Historia
1091 2415 1252 2449 nonnulla
1332 2427 1372 2449 ne
1388 2415 1632 2458 chronologico
1649 2414 1774 2448 ibidem
1795 2427 1948 2450 texentes
1967 2438 1977 2453 ‚
2011 2427 2046 2449 ut
2065 2414 2165 2458 ipsam
2186 2415 2271 2447 ima-

326 2463 428 2496 etiam
446 2463 590 2497 diximus
610 2463 652 2498 de
668 2462 772 2496 sansto
790 2466 903 2497 Felice
920 2465 1051 2497 Nolano
1067 2468 1153 2510 Cap.
1167 2477 1200 2498 x.
1331 2468 1442 2512 ginem
1459 2477 1642 2511 prototypo
1657 2466 1831 2500 admodum
1849 2468 1984 2500 similem
2000 2467 2041 2500 ad
2058 2465 2197 2498 nostram
2215 2465 2267 2499 us-

377 2518 432 2550 (1)
467 2519 550 2559 Cap.
566 2527 609 2547 xx
621 2526 631 2547 1
643 2527 675 2547 v-
692 2527 767 2559 pag.
789 2526 870 2556 153.
885 2519 915 2548 δε
930 2528 961 2560 p.
983 2528 1066 2558 ¹54·
1326 2529 1391 2564 que
1408 2529 1536 2551 aetatem
1555 2519 1740 2562 pervenisse
1754 2518 2052 2553 demonstraremus
2069 2540 2079 2551 .

375 2570 429 2604 (2)
461 2570 540 2610 Pag.
559 2572 644 2599 260.
676 2567 812 2600 Exstant
827 2566 905 2613 ‘post
920 2567 1181 2601 Observationes
1205 2569 1246 2603 ad
1379 2576 1433 2611 (7)
1463 2572 1501 2602 In
1519 2569 1696 2614 Philopatr
1716 2572 1765 2603 &c
1779 2592 1790 2604 .

320 2617 431 2650 vitrea
445 2616 631 2661 fragmenta
650 2635 657 2650 .-
1381 2625 1435 2659 (8)
1467 2622 1547 2653 Lib.
1581 2618 1620 2653 de
1635 2618 1750 2657 Pallio
1766 2643 1776 2653 .
1808 2626 1965 2656 Ceterum
1988 2621 2116 2666 Togam
2134 2619 2256 2656 vestem

375 2674 412 2707 (3
430 2681 436 2701 )
467 2669 548 2702 Vide
565 2670 756 2713 Ciampinii
789 2671 910 2703 Vetera
932 2670 1149 2704 monimenta
1178 2672 1257 2705 Par·
1335 2675 1394 2705 esic
1411 2673 1615 2715 peculiarem
1649 2674 1789 2705 mortuis
1806 2673 2003 2706 hominibus
2038 2673 2232 2706 destinatam
2248 2694 2260 2711 ,

323 2731 358 2754 te
380 2732 412 2754 1.
428 2724 456 2753 ἃ
473 2724 569 2754 Parte
592 2722 644 2754 11.
1335 2724 1446 2767 inquit
1460 2725 1633 2767 Juvenalis
1651 2727 1727 2756 Sat·
1750 2728 1829 2756 111.
1851 2725 1938 2757 Vers.
1967 2736 2027 2762 17¹

377 2777 433 2812 (4)
476 2767 606 2805 Ibidem
637 2772 785 2807 eruditas
815 2772 952 2807 Claudii
982 2771 1133 2806 Salmafii
1160 2784 1256 2806 notas
1337 2776 1424 2807 Pars
1442 2783 1571 2818 magna
1589 2773 1698 2809 Italia
1716 2796 1726 2811 ‚
1750 2770 1784 2822 fi
1798 2784 1926 2810 verum
1943 2773 2171 2809 admittimus
2184 2795 2196 2812 ‚
2224 2772 2264 2809 in

323 2835 362 2857 ex
373 2823 478 2868 pende
495 2843 507 2855 ·
1441 2835 1514 2872 qua

382 2881 437 2917 (5)
468 2874 545 2908 Lib.
559 2887 599 2910 v1
616 2884 646 2909 ι.
660 2880 743 2921 Cap.
765 2887 783 2908 x
795 2888 850 2910 ιν.
882 2876 965 2912 Vide
986 2887 1119 2922 quoque
1149 2879 1255 2909 Sozo·
1337 2876 1443 2909 Nemo
1460 2875 1711 2923 Togamsumit
1724 2898 1735 2913 ,
1769 2874 1834 2925 mfi
1862 2884 2021 2912 mortuus
2038 2876 2114 2921 ότι.
2129 2884 2262 2917 Floruit

323 2936 453 2960 menum
471 2927 547 2960 Lib·
571 2940 605 2961 v.
1333 2938 1443 2962 autem
1459 2931 1633 2972 juvenalis
1651 2928 1845 2973 Vespasiano
1878 2935 1906 2963 &
1925 2933 2129 2966 Domitiano
2144 2937 2256 2980 Impp·

376 2982 430 3014 (61
452 2980 570 3012 »Multa
598 2979 637 3013 sie
657 2980 718 3014 hac
735 2980 837 3013 statua
852 2980 997 3014 diximus
1024 2978 1063 3013 in
1080 2981 1252 3013 Commen.
1332 2981 1502 3013 Martialis
1533 2991 1666 3025 quoque
1687 2980 1762 3014 Lib.
1776 2993 1826 3015 ix.
1841 2982 1958 3029 Ept'gr.
1976 2993 2060 3017 vai
2078 2993 2110 3017 1.
2139 2987 2256 3020 eodem

321 3028 417 3060 tario
431 3027 483 3063 ad
495 3030 683 3065 Nummum
707 3041 825 3065 areum
852 3038 1015 3066 veterum
1030 3027 1251 3075 Christiano·
1329 3031 1428 3065 modo
1445 3031 1610 3064 scribebat
1625 3055 1634 3064 .

326 3087 403 3112 rum
418 3077 495 3123 &c-
520 3086 619 3118 Parte
642 3095 677 3118 1·
693 3086 777 3130 Cap.
792 3094 882 3118 vin.
902 3086 930 3118 δι
947 3087 1033 3129 cap.
1051 3094 1112 3116 ix.
1136 3081 1249 3117 Histo·
1327 3104 1338 3130 3
1356 3103 1367 3115 .
1383 3106 1391 3116 .
1404 3104 1412 3113 .
1433 3105 1442 3115 .
1461 3104 1471 3117 .
1499 3080 1708 3131 Necpallens
1730 3084 1825 3131 Toga
1843 3084 1977 3121 mortui
1990 3083 2137 3122 tribulis
2154 3083 2230 3130 &a
