2550 3898
542 471 589 525 6
1056 460 1108 521 E
1156 479 1189 520 P
1239 480 1261 520 1
1302 482 1328 520 s
1377 480 1415 520 T
1463 478 1504 518 o
1552 474 1587 513 L
1633 474 1730 515 ΑΕ
1910 538 1921 539 7

543 551 683 615 dem
707 548 902 635 prima
933 545 1356 617 dissertationis
1392 546 1590 614 fronte
1624 544 1696 608 de
1725 547 2235 632 Monogramma-

544 664 602 709 te
633 644 744 705 SS.
772 645 1060 706 Nominis
1106 667 1179 714 JE
1199 669 1283 709 ευ
1309 691 1331 720 ,
1380 643 1624 731 antiquis
1644 638 2053 704 emblematibus
2075 688 2095 716 ,
2134 667 2237 706 non

545 757 707 802 antea
746 738 1008 826 vulgatis
1032 783 1052 812 ,
1103 762 1174 800 ex
1224 760 1424 802 MusEo
1465 755 1759 802 VICTORIO
1811 731 2017 815 referta
2074 734 2236 799 dica·

545 830 687 906 tur3
736 847 921 918 atque
957 828 1168 894 eadem
1215 829 1579 893 emblemata
1604 825 1720 891 suis
1763 827 1911 890 locis
1942 846 2234 917 opportu-

548 948 622 989 ne
649 921 854 988 adlata
876 969 895 997 ,
945 919 1186 986 fortasse
1215 946 1333 986 non
1354 925 1552 1009 inepte
1574 923 1876 1007 explicata
1902 918 2016 984 sint
2034 967 2053 997 ,
2093 944 2235 984 ocu-

544 1020 705 1081 latus
739 1015 997 1091 Leston
1048 1015 1357 1080 austorem
1402 1018 1562 1079 illius
1594 1010 2018 1078 differtationis
2058 1016 2117 1075 in
2141 1037 2242 1077 eo-

543 1110 684 1174 dem
714 1108 945 1196 Museo
975 1108 1224 1173 Vifz'orio
1258 1111 1442 1172 latere
1463 1155 1484 1184 ,
1534 1106 1698 1196 quasi
1723 1130 1828 1195 per
1851 1105 2236 1172 transennam

544 1202 990 1291 deprehendere
1016 1200 1124 1265 fibi
1152 1198 1313 1265 visus
1340 1200 1424 1265 est
1444 1249 1464 1278 ,
1492 1204 1835 1287 exemplum
1865 1199 2235 1264 monstrante

545 1297 1036 1384 Glyptographica
1065 1295 1438 1382 dffrtatione
1462 1342 1481 1369 ,
1507 1296 1565 1356 in
1592 1293 1763 1363 Urbe
1793 1296 2045 1382 vulgata
2082 1315 2239 1356 anno

546 1411 956 1454 Moccxxxnt.
1000 1391 1350 1453 memoratis
1385 1388 1557 1475 typis
1595 1388 2007 1473 Zempelianis
2033 1434 2052 1462 ‚
2104 1411 2237 1473 quae

545 1485 692 1546 licet
728 1505 1042 1566 anonyma
1082 1505 1319 1569 quoque
1360 1481 1658 1570 prodierit
1703 1482 1762 1541 in
1792 1481 2028 1555 lucem,
2081 1476 2239 1565 ipso-

542 1594 670 1638 met
704 1575 1076 1638 emblemate
1110 1575 1504 1663 distinguitur
1526 1620 1545 1648 ‚
1593 1570 1990 1659 versaturque
2029 1573 2243 1634 circa...

542 1668 676 1732 duas
721 1668 978 1731 Gemmas
1020 1666 1415 1752 vetustffmas
1459 1664 1869 1727 emblematibus
1897 1711 1916 1737 ,
1967 1673 2036 1728 &2²
2081 1664 2239 1727 Grae-

546 1786 605 1822 co
667 1761 905 1846 artificis
958 1763 1170 1822 nomine
1228 1756 1519 1847 itfignitas
1543 1801 1562 1831 ‚
1613 1781 1724 1847 quae
1781 1755 2004 1819 exHant
2050 1756 2242 1821 Romae

548 1858 608 1917 in
654 1854 862 1937 Museo
900 1852 1184 1914 Vifforio.

740 1951 904 2010 Rem
947 1947 1029 2007 ita
1056 1942 1110 2006 se
1135 1940 1350 2006 habere
1386 1945 1581 2030 magis
1618 1960 1820 2029 aperte
1845 1940 2052 2030 prodit
2090 1942 2240 2006 liber

551 2040 874 2102 Florentiae
906 2032 1217 2123 impressus
1255 2057 1410 2098 anno
1455 2057 1897 2099 Moccxxxvm.
1941 2034 2004 2099 ὃς
2045 2038 2241 2123 patrio

553 2127 825 2193 sermone
867 2127 1286 2215 conscriptuS,
1335 2131 1563 2193 titulo:
1617 2128 1678 2192 Il
1712 2130 1939 2192 Fiorino
1979 2128 2129 2190 d'oro
2150 2153 2242 2192 an-

555 2228 667 2285 tico
702 2220 989 2285 illustrato
1012 2268 1033 2296 ,
1080 2222 1309 2310 discorst)
1349 2223 1410 2286 di
1439 2247 1508 2283 un
1532 2222 1889 2286 Accaedemico
1912 2221 2140 2308 Etrusto
2164 2227 2246 2284 in·

553 2316 839 2388 dirizzato
895 2317 957 2377 al
990 2313 1108 2402 Sig.
1155 2314 1408 2378 ‘Dottore
1445 2317 1690 2377 Antonio
1755 2315 2044 2400 Francefio
2100 2314 2243 2378 Gori

553 2408 783 2472 Lettore
817 2407 961 2469 delle
1001 2406 1189 2468 Scorie
1195 2410 1366 2493 sacra
1410 2431 1436 2467 e
1453 2406 1687 2496 prcfima
1714 2408 1859 2468 nello
1882 2404 2075 2469 Studio
2115 2407 2245 2471 Flo-

555 2507 765 2565 rentino
785 2508 919 2580 (1).
945 2504 1140 2582 Cujus
1163 2502 1220 2561 in
1240 2497 1486 2586 epistola
1511 2504 1949 2588 nuncupatoria
1978 2501 2052 2563 ad
2078 2524 2245 2565 eum-

555 2595 695 2660 dem
721 2591 1119 2658 clariffimurn
1155 2597 1424 2658 Gorium
1456 2599 1600 2677 (2),
1655 2594 1866 2658 auelor
1893 2641 1913 2669 ,
1940 2594 2013 2657 de
2040 2617 2237 2671 more,

557 2686 613 2752 se
655 2691 839 2752 latere
887 2691 1046 2751 velle
1085 2690 1171 2751 ait:
1204 2735 1224 2763 ,
1275 2684 1382 2752 suo
1426 2689 1788 2753 emblemate
1832 2706 2189 2752 contentum
2221 2736 2236 2752 .

558 2784 704 2824 efioz·
725 2813 739 2827 .
761 2785 892 2826 ΚΑΙ.
913 2784 1116 2824 HMEPA
1143 2811 1156 2826 .

747 2856 853 2921 Ad
902 2858 1023 2920 haec
1070 2852 1422 2921 recensenda
1446 2855 1763 2945 Opuscula
1801 2882 1923 2922 non
1965 2859 2237 2922 animum

560 2950 825 3016 incendit
862 2974 1014 3015 vana
1053 2950 1244 3016 libido
1284 2953 1557 3041 placendi
1597 2949 1703 3015 fibi
1743 3000 1764 3028 ,
1832 2950 1933 3017 sed
1988 2954 2236 3040 impulit

2075 3069 2245 3110 OCCR·

614 3138 674 3178 (ι)
702 3135 815 3174 Nella
831 3136 1034 3187 Stampert'a
1050 3137 1090 3176 di
1105 3138 1254 3180 S.A.R.
1272 3136 1364 3178 Peri
1474 3139 1537 3189 [ι]
1562 3141 1703 3191 pag-vx
1716 3140 1897 3180 xxModo
1913 3140 1952 3178 ῖῃ
1969 3138 2241 3190 Balil.S.Joan.

568 3187 722 3230 Tarsim'
736 3214 750 3235 ³
779 3203 797 3227 e
813 3190 974 3231 franchi
993 3214 1005 3228 ι
1023 3191 1061 3232 in
1082 3206 1119 3241 4.
1391 3229 1399 3236 ,
1419 3192 1611 3240 Fifoxentiae
1628 3194 1816 3247 Praepositi
1831 3208 1984 3235 munere
2000 3194 2182 3246 fungitur.
