2550 3898
700 453 800 516 IN
859 450 1322 513 LA-MELLAM·
1370 445 1742 508 AENEAM.
2050 465 2093 520 7

320 544 744 616 PRocurator‘is'
801 543 861 605 A'
910 552 1225 606 LoRmATA
1282 537 1650 600 memoriam
1707 533 1915 626 prodit
1970 533 2098 598 haec

318 644 574 710 Lamina
609 629 1016 704 vetustiffima
1039 679 1060 709 ,
1096 651 1284 721 quam·
1323 628 1402 695 ab
1440 626 1570 719 ipso
1608 631 1939 720 exemplari
1979 624 2102 692 for·

317 751 552 801 matam
581 731 916 821 diligenter·
951 730 1305 793 curavimus
1337 722 1724 789 incidendam
1744 771 1766 801 ‚
1799 722 1865 791 ὅ(
1897 721 2093 796 modo

316 827 381 892 in
416 822 620 892 fronte
667 824 886 890 harum
935 815 1601 895 Anilnadverfionum‚
1641 821 1833 908 qualis
1871 843 1937 882 ea
1970 813 2099 892 est,

318 922 380 985 in
428 921 694 1011 gratiam
751 915 1146 984 eruditorum
1193 915 1497 983 Virorum
1538 916 1897 1004 exponimus
1947 934 2096 976 con-

319 1012 736 1104 templandam
775 1060 791 1077 .
1829 1020 1832 1022 ’

503 1109 720 1173 Aliam
765 1126 1018 1195 quoque
1058 1102 1198 1171 huic
1249 1100 1625 1168 simillimam
1669 1149 1688 1176 ,
1736 1100 1963 1192 pariter
2023 1120 2104 1163 ex>

318 1222 474 1277 aere,
509 1198 611 1266 sed
646 1197 903 1267 diversae
945 1195 1159 1264 formae
1187 1246 1207 1275 ,
1255 1216 1441 1286 atque
1479 1195 1706 1261 ibidem
1741 1195 1967 1258 editam
2006 1187 2101 1255 fu-

316 1292 394 1358 fis
427 1293 878 1360 charadieribus
907 1340 927 1370 ,
966 1292 1153 1357 incidi
1199 1285 1456 1357 fecimus
1485 1338 1503 1367 ‚
1543 1314 1675 1378 quae
1720 1286 2000 1353 servatur
2042 1287 2102 1348 in

318 1380 543 1453 Museo
583 1388 992 1459 Kircheriano
1038 1395 1142 1473 (ι)
1179 1434 1200 1464 ,
1239 1406 1307 1453 ut
1347 1384 1534 1448 iidem
1573 1383 1799 1448 eruditi
1842 1385 1981 1447 Viri
2023 1378 2102 1442 de

319 1499 586 1571 utroque
626 1483 1030 1550 Monimento
1064 1480 1305 1546 facilius
1334 1478 1640 1563 judicium
1682 1475 2100 1547 constituant,

319 1574 469 1638 dum
510 1573 617 1641 fibi
658 1575 947 1644 videntur
983 1577 1086 1640 illa
1128 1575 1346 1641 eadem
1387 1575 1776 1638 Monimenta
1815 1566 2098 1637 fidelibus

320 1664 583 1751 subjeffila
634 1672 830 1736 oculis
871 1668 1286 1758 pertraflare.

818 1882 1648 2171 Affffissffiiiko

787 2177 1684 2328 Memfim

1158 2357 1166 2374 ²
1245 2327 1393 2489 Ἶῖ
1402 2338 1653 2526 nolu

910 2415 926 2498 ⁵
961 2458 1551 2701 Ρξεῑὲζψ

341 2794 418 2861 In
460 2791 769 2884 utriusque
816 2790 1110 2881 superiori
1155 2812 1324 2881 parte
1363 2838 1382 2866 ,
1436 2810 1504 2856 ut
1543 2787 1814 2880 adposita
1860 2785 1970 2852 suis
2027 2789 2114 2851 10-

343 2890 426 2952 cis
462 2888 788 2956 ostendunt
822 2884 1249 2951 schediasmata
1276 2933 1294 2960 ‚
1328 2882 1590 2972 expressa
1626 2882 1707 2947 est
1737 2905 1963 2946 corona
2001 2884 2112 2946 vit·

345 2983 421 3045 tis
455 2980 720 3073 expansis
743 3028 763 3058 ,
797 2979 862 3048 ὃ(
896 2982 956 3043 in
994 2983 1111 3044 ima
1147 2998 1319 3070 parte
1355 2978 1581 3070 duplex
1615 2979 1829 3069 palmae
1866 2998 2074 3039 ramus
2096 3024 2110 3040 .

1913 3069 2114 3122 Putan-

405 3152 470 3196 (1)
502 3153 681 3193 Eamdem
708 3151 898 3193 lamellam
917 3152 1053 3190 iterum
1071 3149 1207 3189 deseri·
1266 3150 1480 3189 humaniter
1508 3146 1689 3188 conceffit
1717 3146 1988 3189 P-Contucius
2008 3146 2111 3184 Con·

356 3200 518 3248 bendani
534 3207 582 3246 ad
602 3206 798 3259 prototypi
814 3206 1111 3259 magnitudinem
1127 3215 1210 3255 pet·
1267 3204 1367 3243 tucci
1383 3229 1397 3248 ,
1419 3205 1545 3245 Patria
1566 3203 1776 3243 Politianus
1793 3229 1807 3247 ,
1826 3201 1946 3243 Musei
1964 3198 2085 3241 eustos
2103 3221 2117 3239 ·
