2550 3898
972 449 1775 507 ApotoGETrcA
2072 472 2110 526 7

498 560 651 602 vero
678 584 697 613 ‚
750 533 850 602 sed
876 538 1135 625 Juliano
1183 532 1492 623 Apostatae
1536 535 1721 601 tribui
1764 556 2044 626 oportere
2086 541 2211 605 haec

495 629 857 696 numismata
900 626 1286 692 contenditur
1312 676 1330 704 ,
1357 633 1635 715 quamvis
1675 632 1847 714 hujus
1875 640 2212 723 Imperatoff

496 729 574 789 ris
620 746 739 788 non
783 723 1068 808 adpareat
1096 744 1317 785 nomen
1348 768 1361 784 .
1410 722 1528 787 Sed
1573 724 1632 786 in
1676 748 1737 788 re
1779 729 2039 792 literaria
2086 731 2211 795 uni-

493 821 708 903 cuique
749 814 1006 878 liberum
1053 814 1134 879 est
1170 813 1442 904 proferre
1470 816 1635 904 quod
1656 816 1868 885 sentit.
1920 827 2010 887 De
2035 849 2209 913 quar·

493 928 560 975 to
598 912 923 974 dumtaxat
959 911 1226 973 moralis
1255 908 1334 973 est
1372 913 1667 976 momenti
1705 916 1948 1001 quidem
1981 941 2099 982 non
2128 922 2211 985 le-

492 1006 585 1070 vis
613 1051 631 1079 ‚
677 999 716 1065 fi
752 1000 1053 1066 numisma
1080 1029 1110 1066 a
1140 1003 1312 1067 nobis
1343 1003 1537 1068 visum
1568 1004 1629 1072 ὅ(
1650 1009 2014 1077 illustratum
2040 1013 2206 1080 idem

491 1120 635 1162 cum
677 1119 748 1162 eo
789 1095 862 1159 fit
895 1143 913 1171 ‚
971 1095 1044 1159 de
1086 1119 1207 1183 quo
1244 1099 1300 1157 in
1347 1097 1690 1178 hujusmodi
1739 1103 2206 1171 Observationi-

496 1190 604 1255 bus
634 1192 872 1279 agitur.
903 1192 1149 1253 Etenim
1191 1190 1250 1251 in
1293 1213 1429 1253 area
1466 1192 1850 1259 numismatis
1872 1244 1891 1274 ,
1919 1198 2018 1262 ubi
2044 1222 2204 1267 10v1s

491 1308 648 1349 nuo
676 1306 780 1347 nos
809 1285 1072 1374 legimus
1096 1330 1115 1358 ,
1161 1283 1270 1368 etfi
1299 1286 1479 1346 literae
1515 1288 1799 1352 admodum
1831 1292 2048 1355 detritae
2059 1294 2213 1384 fint,

494 1376 1022 1442 Observationum
1064 1376 1277 1442 amstor
1320 1378 1551 1443 nonnifi
1597 1382 1800 1447 literas
1834 1409 1892 1450 D.
1912 1408 2052 1454 N.v.
2082 1412 2212 1478 per·

489 1467 710 1559 spicere
762 1473 955 1536 valuit
999 1518 1020 1546 ,
1084 1468 1318 1536 tametfi
1378 1472 1740 1542 numismata
1799 1484 2213 1568 exploraverit

489 1562 776 1651 adspectu
823 1568 1039 1638 vari0,
1080 1563 1355 1631 fricuerit
1397 1615 1416 1643 ‚
1464 1564 1746 1634 olfecerit
1794 1580 1895 1653 (1)
1933 1623 1947 1639 .
1997 1580 2210 1640 Praete·

491 1680 593 1722 rea
627 1659 956 1746 imaginem
996 1654 1220 1722 format
1271 1682 1388 1721 non
1438 1662 1638 1724 laurea
1693 1687 1917 1731 corona
1963 1670 2208 1737 redimi-

491 1768 618 1814 tam
643 1796 664 1825 ,
702 1746 802 1812 sed
829 1769 1146 1840 gemmato
1172 1749 1513 1816 diademate
1539 1775 1893 1824 coronatam
1925 1809 1940 1826 .
1966 1767 2207 1845 Heinc,

494 1842 657 1930 quod
714 1844 915 1905 literas
968 1868 1028 1907 D.
1063 1867 1124 1907 N.
1159 1869 1220 1909 v.
1260 1844 1363 1907 fibi
1413 1846 1619 1911 videre
1664 1851 1948 1920 videatur
1979 1904 1998 1932 ,
2055 1861 2207 1946 legit

492 1957 763 2000 DOMINVS
805 1957 1039 2001 NosTER
1076 1958 1564 2003 VALENTINIANVS
1590 1988 1603 2004 .
1645 1943 1967 2015 Existimat
2000 1972 2205 2021 autem

492 2028 654 2094 idem
694 2024 1219 2096 Observationum
1256 2030 1468 2096 austor
1497 2036 1736 2123 Juliani
1775 2060 2003 2129 typum
2027 2092 2047 2120 ,
2093 2049 2207 2113 in...

494 2123 610 2187 hoc
649 2140 868 2209 quarto
908 2122 1270 2191 numismate
1317 2121 1474 2192 forte
1516 2126 1756 2196 fortuna
1797 2159 1941 2202 cum
1982 2143 2208 2208 Valen-

492 2219 705 2283 tiniani
746 2217 1012 2308 imagine
1063 2217 1231 2286 fuisse
1267 2220 1659 2305 conjunstum
1700 2251 1901 2295 errore
1946 2256 2209 2302 moneta-

490 2312 607 2376 rii.
663 2315 932 2374 Demum
974 2316 1176 2377 omnia
1214 2316 1337 2379 haec
1379 2319 1755 2385 monimenta
1801 2326 2089 2412 opinatur
2123 2328 2203 2394 es-

391 2412 401 2416 “
492 2402 551 2469 se
576 2405 905 2469 Amuleta.
949 2409 1104 2471 Haec
1139 2404 1219 2470 est
1259 2403 1494 2470 summa
1529 2434 1732 2476 rerum
1759 2460 1779 2488 ‚
1816 2437 1948 2504 quae
1989 2423 2046 2484 in
2087 2424 2205 2489 illis

494 2494 1045 2563 Observationibus
1099 2496 1490 2588 proferuntur
1531 2549 1552 2580 ‚
1608 2501 1671 2572 ὅ(
1713 2506 1994 2578 adversus
2039 2517 2204 2585 lucu-

491 2592 797 2658 brationes
838 2590 1064 2657 nostras
1113 2596 1481 2686 vulgantur,
1524 2596 1921 2681 adseruntur,
1963 2608 2206 2702 digestae

494 2685 630 2751 sunt
659 2732 675 2748 .
737 2686 977 2771 Qibus
1024 2687 1357 2775 compofite
1397 2711 1575 2776 atque
1611 2694 1938 2764 ordinatim
1985 2701 2203 2773 satisfa-

492 2780 774 2846 ciendum
824 2827 843 2855 ,
895 2806 966 2844 ne
1007 2782 1327 2848 videamur
1377 2786 1534 2848 inani
1582 2785 1776 2853 studio
1819 2795 2202 2870 verborum...

491 2872 848 2964 ambagibus
893 2878 1118 2955 inniti,
1168 2876 1231 2944 ὅ(
1266 2881 1324 2943 in
1364 2880 1611 2968 reliquis
1658 2882 1957 2955 deficere:
2008 2918 2197 2982 neque

1980 3005 2120 3042 enlm

544 3127 615 3188 (ι).
636 3125 888 3173 offer-vazioni
903 3127 945 3167 di
968 3127 1069 3168 Paulo
1092 3127 1224 3172 Maria
1246 3131 1312 3170 Pa·
1366 3133 1494 3173 stratu
1511 3135 2195 3198 medaglie0Nap011Mnccxzvrir.

485 3184 613 3223 eraudi
636 3183 790 3222 Temno
811 3189 919 3235 sopra
936 3184 1072 3224 arcane
1098 3186 1274 3238 [ingeleri
1295 3199 1313 3224 e
1370 3202 1458 3242 pag·
1484 3200 1544 3238 ις.
