2550 3898
713 432 784 493 N
832 449 875 492 υ
921 448 972 492 Μ
1018 449 1042 491 1
1089 451 1117 492 s
1161 452 1215 494 M
1261 450 1301 494 A
1354 450 1395 494 T
1444 450 1467 492 1
1514 451 1544 491 s
1833 456 1912 518 15

277 527 337 596 se
375 524 538 622 gerit
565 526 772 590 Venus
796 567 817 596 ,
852 524 1066 588 monili
1111 543 1426 615 gemmato
1451 571 1472 600 ,
1523 523 1832 591 inauribus
1870 577 1890 605 ‚
1941 551 2010 593 ac

279 623 620 688 diademate
660 631 872 679 ornata
914 624 1058 695 (1),
1107 614 1237 707 post
1271 642 1456 708 quam
1497 617 1673 682 arbos
1707 625 1854 686 mali
1905 646 2016 712 pu-

280 719 401 783 nici
423 759 443 789 ,
484 712 584 775 cui
617 705 830 773 insistit
866 711 1175 779 Columba
1209 715 1441 778 Veneri
1479 709 1648 777 sacra·
1683 721 1786 792 (2)
1819 764 1833 779 .
1887 717 2018 781 Ad-

280 808 395 875 stat
431 808 593 895 Juno
633 801 866 891 duplici
915 807 1158 870 armilla
1206 829 1502 871 manuum
1550 804 1795 873 suarum
1844 831 2020 874 orna-

279 919 496 969 mento
545 896 836 988 infignis‚
890 899 1201 965 inauribus
1255 923 1544 989 quoque,
1593 900 1657 967 ὅε
1711 901 2022 968 diadema-

283 1014 346 1062 te
386 1000 490 1075 (3)
535 1016 681 1058 cum
722 1012 970 1084 gemma
1010 991 1274 1082 pretiosa
1295 1039 1320 1068 „
1366 993 1659 1082 protenfis
1697 997 1975 1062 manibus
2002 1044 2022 1075 ,

284 1108 353 1156 ut
394 1090 750 1153 Minervam
790 1093 920 1168 jam
972 1085 1383 1176 prodeuntem
1422 1110 1452 1149 e
1499 1084 1743 1152 summo
1784 1094 2023 1178 capite-.-

274 1184 455 1273 Jovis
481 1183 783 1270 excipiat.
817 1182 1140 1268 Clypeum
1174 1177 1324 1245 vero
1357 1176 1550 1268 gestat
1569 1182 1857 1247 Minerva
1894 1190 2023 1267 (4),

285 1274 554 1350 hastam,
600 1277 837 1362 galeam
877 1272 1181 1339 cristatam
1205 1322 1221 1339 .
1276 1271 1499 1339 Adstat
1537 1278 1760 1364 pariter
1796 1279 2028 1341 Vulca-

285 1392 396 1435 nus
434 1385 687 1457 partum
721 1365 1149 1458 prodigiosum
1188 1369 1445 1432 miratus
1468 1415 1487 1443 ,
1539 1367 1854 1458 postquam
1889 1368 2021 1434 bifi-

286 1461 364 1528 da
408 1460 647 1537 securi,
698 1459 826 1525 five
866 1460 1111 1550 bipenni
1144 1464 1322 1553 Jovis
1365 1480 1551 1550 caput
1589 1465 1824 1552 aperuit
1851 1510 1866 1526 .

471 1552 746 1643 Mystica
806 1555 929 1619 haec
990 1554 1266 1622 Historia
1331 1579 1401 1618 ex
1471 1558 1713 1642 antiqua
1768 1574 2029 1645 paterad

287 1646 525 1714 Etrusci
575 1651 773 1736 operis
817 1647 1116 1713 delineata
1159 1647 1242 1712 est
1276 1694 1291 1710 .
1356 1652 1445 1711 Ea
1487 1670 1637 1712 vero
1673 1696 1692 1724 ,
1755 1673 1885 1736 quae
1934 1652 2028 1715 vi-

286 1741 580 1807 debantur
620 1743 816 1804 minus
851 1741 1011 1804 culta
1052 1764 1244 1804 manu
1276 1743 1610 1824 antiquitus
1632 1743 1898 1805 viriculo
1936 1767 2033 1808 ex-

287 1831 514 1925 pressa,
568 1856 635 1894 ac
668 1830 1018 1919 potissime,
1056 1854 1182 1918 quae
1215 1827 1485 1917 speeiant
1517 1830 1596 1895 ad
1626 1834 2031 1922 elegantiam,

287 1926 353 1994 ὅ(
375 1923 794 2014 symmetriam
824 1920 1167 2014 figurarum
1188 1969 1208 1998 ,
1242 1921 1305 1988 ὅ(
1334 1921 1615 1989 Historiae
1636 1972 1657 2002 ,
1708 1926 1785 1990 ad
1823 1933 2035 1995 melio·

290 2044 421 2086 rem
457 2016 787 2106 quamdam
831 2020 1299 2106 proportionem.
1326 2016 1656 2110 redegisse,
1688 2024 2037 2109 putavimus

292 2136 431 2179 rem.
463 2109 593 2176 fore
629 2133 751 2175 non
801 2110 1177 2176 inlaudatam
1210 2160 1226 2175 .
1273 2110 1570 2176 Eamdem
1608 2132 1882 2202 pateram
1919 2120 2040 2206 pri-

292 2228 426 2273 mus
463 2207 743 2270 omnium
769 2251 789 2279 ,
832 2222 900 2268 ut
933 2204 1114 2270 video
1137 2253 1158 2282 ,
1200 2208 1492 2295 vulgavit
1523 2230 1596 2271 ex
1632 2205 1853 2273 Museo
1889 2210 2041 2277 Cos-

296 2304 520 2392 pian0‚
571 2298 674 2362 ubi
715 2298 915 2363 adhuc
959 2302 1249 2364 Bononiae
1295 2293 1616 2378 servatur,
1666 2306 2037 2371 Laurentius

1758 2399 1949 2486 Lega-

355 2593 416 2642 [ι]
458 2596 519 2634 De
549 2595 603 2633 bis
633 2594 835 2634 mulierum
867 2595 1105 2634 ornamentis
1126 2618 1140 2635 2
1203 2591 1281 2631 seus
1315 2592 1356 2632 de
1376 2593 1410 2633 la
1429 2592 1591 2633 ehauffe
1610 2595 1645 2633 in
1665 2595 1797 2646 Opere
1814 2597 1860 2634 de
1874 2599 2039 2649 Insigni·

306 2648 390 2686 vide
412 2662 494 2699 quoe
523 2649 688 2688 diximus
718 2649 756 2687 in
785 2647 976 2698 Differtat.
994 2649 1140 2699 Glypto·
1204 2649 1271 2686 bus
1289 2647 1477 2696 Pontifict's
1502 2648 1706 2691 Maximi,
1735 2663 1867 2702 nempe
1898 2651 1933 2691 in
1952 2652 2043 2693 illu.

300 2704 433 2753 graph.
451 2704 609 2754 Cap.vx
626 2715 680 2741 xx.
700 2704 858 2754 Cap.1x
872 2727 880 2737 .
900 2705 934 2739 ὃ(
957 2702 1055 2749 Cap.
1071 2713 1138 2740 xz.
1207 2701 1384 2739 stratione
1406 2702 1560 2740 'rabuxae
1580 2714 1649 2740 xxi
1664 2713 1722 2739 11.

361 2757 419 2802 [ι]
466 2758 522 2794 De
567 2757 767 2795 Columboe
812 2755 996 2804 sy=nbol³s
1041 2754 1139 2806 apud
1261 2754 1321 2806 [ζ]
1355 2756 1410 2792 De
1429 2755 1484 2792 his
1500 2757 1677 2793 omnibus
1693 2754 1830 2793 ditium
1851 2757 1885 2794 in
1905 2757 2045 2809 Diffi„-

308 2809 448 2847 Christi
467 2808 611 2851 fideles,
632 2812 735 2862 plura
755 2809 959 2862 aliquando
976 2808 1138 2846 diximus
1207 2809 1349 2845 tatione
1374 2808 1635 2859 Glyptograph.
1665 2809 1804 2845 Verum
1836 2812 1881 2845 de
1902 2805 2043 2850 Arffiiz.

308 2862 347 2899 in
367 2861 525 2902 Nummo
542 2877 629 2901 aereo
654 2866 829 2902 Veterum
844 2861 1141 2902 Christianorum
1208 2862 1268 2903 lis,
1288 2860 1348 2898 adi
1369 2860 1389 2898 fi
1409 2863 1479 2899 vis·
1498 2864 1625 2912 Caput
1642 2873 1683 2899 x.
1704 2861 1935 2914 Item-Cap.
1955 2878 2051 2905 xxx*

309 2915 489 2966 explicato
507 2942 517 2952 .
550 2919 658 2954 Parte
686 2917 746 2954 11.
777 2916 889 2955 variis
918 2915 1012 2955 locis
1034 2942 1043 2953 .
1074 2912 1147 2952 Sed
1211 2917 1244 2953 8<
1265 2926 1383 2953 xxxx.

309 2969 427 3007 etiam
446 2969 488 3007 de
504 2969 706 3008 Columboe
728 2969 910 3022 symbolis
931 2969 1029 3021 apud
1048 2970 1142 3005 Eth=
1262 2970 1323 3015 [4]
1356 2968 1427 3007 Adi
1446 2967 1612 3006 Sanum.
1631 2978 1675 3004 vx
1688 2978 1723 3003 1·
1758 2969 2048 3016 Dormientium

310 3021 414 3060 nicos
434 3047 446 3064 ,
461 3023 588 3062 obiter
607 3023 730 3072 aliqua
748 3023 954 3075 adtigimus
973 3023 1115 3062 ibidem
1131 3055 1143 3067 ,
1212 3022 1424 3060 Historiam
1445 3046 1455 3056 .
1486 3022 1584 3070 Cap.
1601 3031 1717 3057 vixx·
1742 3033 1825 3073 pag.
1850 3034 1863 3059 1
1877 3040 1913 3070 7.
1933 3025 1966 3064 in
1985 3028 2051 3066 ad.

311 3076 422 3113 Parte
442 3078 496 3115 11.
512 3078 608 3126 Cap.
625 3090 687 3115 xi.
1212 3085 1322 3113 notat
1338 3101 1350 3113 .
1370 3077 1467 3112 Item
1485 3099 1496 3111 .
1517 3076 1554 3112 Il
1571 3072 1716 3112 Fiort‘no
1735 3074 1770 3112 d'
1790 3090 1846 3115 oro
1865 3081 1985 3118 antico
2003 3082 2052 3117 it.

369 3129 479 3168 Hanc
498 3130 732 3169 Columbam
764 3130 859 3167 falso
893 3132 1040 3181 putavit
1075 3129 1143 3170 effe
1208 3128 1372 3166 lustrato
1392 3134 1472 3166 &c-
1502 3129 1607 3166 Parte
1632 3139 1693 3167 xv.
1724 3129 1994 3172 Oflexvazioni
2010 3134 2050 3174 al

314 3180 422 3234 Jovis
439 3183 622 3237 Aquilam
653 3183 815 3223 Micha'e'l
833 3183 996 3236 Angelus
1026 3181 1143 3224 Caus-
1210 3184 1337 3222 Num.
1357 3194 1453 3221 xxx·
1469 3194 1555 3234 pag·
1572 3185 1664 3229 436.
