2550 3898
478 516 568 582 50
640 567 648 572 ‚
921 493 1036 556 DE
1089 488 1805 553 MONOGRAMMATE

475 584 840 660 sustinente,
887 581 1135 672 aliisque
1179 585 1440 648 oviculis
1479 583 1640 644 circa
1684 584 1863 670 pedes
1905 602 1926 658 ;
1968 571 2176 642 fimssi-

477 680 586 750 bus
634 701 834 744 autem
883 676 1367 751 eharasteribuS,
1416 703 1448 740 a
1488 674 1659 740 nobis
1703 675 1915 762 quovis
1955 692 2175 736 conatu

481 795 817 860 numquam
870 768 1380 858 interpretandis,
1417 770 1652 832 circum
1701 763 2023 855 adpositiS,
2069 790 2178 828 cae-

481 865 738 954 latisque
769 912 783 928 .
807 864 1049 948 Qibus
1093 859 1857 949 figmentiS,abutebantur
1898 859 2178 926 sanetiffi-

481 961 600 1024 mis
645 957 1130 1024 Christianorum
1167 955 1558 1043 dogmatibus
1602 1003 1621 1030 ,
1689 955 1751 1022 ὅ(
1792 959 1904 1044 piis
1947 953 2180 1020 institu-

479 1057 558 1118 tis
588 1100 603 1116 .
631 1058 751 1118 Sed
797 1051 917 1115 haec
956 1043 1323 1112 numismata
1347 1095 1366 1123 ,
1396 1051 1681 1135 quamvis
1721 1053 1928 1112 eadem
1972 1050 2178 1135 impie·

480 1165 606 1212 tate
651 1142 1090 1233 conspurcata,
1140 1163 1280 1205 vere
1323 1141 1715 1230 posteriorem
1759 1144 1875 1206 illis
1915 1143 2177 1233 gemmis

480 1258 722 1305 aetatem
759 1236 1026 1326 sapiunt:
1078 1257 1269 1320 neque
1299 1238 1457 1297 enim
1487 1233 1734 1321 aliquod
1767 1233 2181 1315 hujuleemodi

483 1327 784 1397 numisma
852 1327 1123 1392 vidimus
1176 1324 1394 1392 saeculo
1440 1324 1699 1390 secundo
1750 1323 2180 1403 referendum,

476 1427 540 1490 in
582 1447 704 1513 quo
746 1419 1027 1487 Basilides
1064 1419 1447 1484 haerefiarcha
1488 1419 1778 1484 occubuit
1812 1425 1951 1500 (1).

666 1515 784 1580 Sed
824 1540 901 1578 v1
927 1540 1025 1577 11.
1053 1536 1291 1600 quoque
1334 1510 1542 1577 saeculo
1582 1514 1743 1576 idem
1784 1534 2181 1603 monogram-

486 1633 587 1674 ma
627 1608 919 1672 Nominis
944 1627 1113 1675 JESU
1154 1603 1509 1692 usurpatum
1549 1602 1718 1670 fuisse
1750 1653 1771 1680 ‚
1814 1602 1948 1670 sunt
1980 1609 2182 1694 aliqua

489 1705 654 1766 illius
696 1702 807 1762 aevi
845 1698 1187 1762 testimonia
1225 1721 1350 1783 quae
1382 1698 1637 1761 doceant
1667 1745 1686 1773 ‚
1735 1698 1975 1784 publica
2001 1705 2182 1779 jam...

484 1797 625 1859 luce
662 1793 886 1857 donata
927 1806 974 1855 a¹
998 1789 1329 1868 majoribus
1367 1788 1582 1852 nostris
1628 1815 1648 1867 3
1697 1789 1784 1853 ita
1840 1808 1909 1854 ut
1964 1789 2183 1853 nostra·

495 1910 639 1952 rum
697 1888 963 1973 partium
1029 1907 1176 1946 cura
1233 1879 1627 1946 solummodo
1667 1879 1895 1945 versari
1940 1881 2188 1949 deberet

488 1982 549 2044 in
593 1982 956 2043 eorumdem
998 1975 1298 2040 memoria
1352 1976 1466 2037 hoc
1510 1976 1629 2037 loci
1679 1970 2062 2053 refricanda3
2111 1999 2185 2039 ne

500 2095 706 2137 autem
771 2072 831 2133 in
891 2070 1137 2155 ancipiti
1200 2067 1419 2130 haereat
1466 2090 1623 2152 aqua
1665 2112 1685 2141 ,
1730 2062 1774 2128 fi
1820 2070 2043 2131 interea
2106 2067 2183 2132 ad

487 2162 892 2228 consulendos
930 2163 1078 2224 alios
1121 2161 1460 2247 Scriptores
1498 2168 1807 2246 (quorum
1850 2182 2031 2247 opera
2066 2161 2184 2224 edi·

483 2276 543 2322 ta
576 2254 710 2320 sunt
730 2258 970 2341 antiqua
992 2248 1434 2331 monimenta),
1453 2276 1552 2315 eos
1583 2255 1683 2338 qui
1709 2255 1966 2342 legerint
1983 2277 2185 2318 aman-

485 2350 878 2424 daverimus;
924 2346 988 2412 ὅ(
1033 2350 1089 2409 in
1132 2368 1194 2407 re
1240 2349 1417 2435 gravi
1458 2348 1653 2434 magis
1710 2342 1913 2410 secure
1963 2344 2188 2410 sermo·

488 2445 681 2505 cinari
722 2446 1081 2529 contingat,
1133 2438 1412 2503 fidelibus
1446 2442 1641 2501 oculis
1680 2432 1900 2502 iterum
1932 2440 2186 2504 nonnul-

484 2537 540 2599 la
586 2534 874 2599 subiicere
908 2530 1333 2597 constituimus
1358 2578 1372 2593 .
1404 2531 1571 2595 Illud
1597 2549 1799 2593 autem
1825 2533 2031 2618 prodit
2064 2533 2188 2596 evi·

488 2631 702 2691 denter
759 2625 1041 2714 inscripta
1091 2652 1156 2690 ea
1214 2627 1525 2691 Columna
1560 2671 1579 2699 ‚
1631 2646 1810 2709 quam
1856 2627 2184 2690 Panvinius

491 2720 686 2784 edidit
731 2723 789 2783 in
822 2721 1278 2807 antiquitatibus
1324 2714 1770 2782 Veronenfibus
1815 2723 1916 2799 (2)
1959 2766 1975 2781 .
2018 2723 2182 2784 Item

494 2815 849 2878 Ludovicus
891 2810 1251 2878 Moscardus
1285 2814 1342 2874 in
1381 2808 1652 2876 Historia
1693 2808 2022 2874 Veronensi
2046 2818 2186 2892 (3).

493 2912 772 2972 Demum
803 2905 1015 2997 Justus
1054 2904 1446 2971 Fontaninius
1502 2901 2013 2993 Archiepiscopus
2059 2910 2188 2969 An-

2059 3012 2082 3042 C
2118 3010 2187 3042 1'2‘

537 3064 597 3107 (ι)
633 3062 831 3099 Hadriano
853 3064 1082 3113 Imperatore
1112 3061 1304 3101 Basilidem
1358 3060 1482 3100 sumfit
1502 3059 1710 3098 Antoninus
1727 3083 1739 3100 2
1769 3059 1851 3098 Has
1865 3011 2129 3110 nuncupatuy.

488 3114 704 3154 occubuisse
722 3118 1107 3168 notanthronologi:
1125 3118 1223 3155 obiit
1241 3130 1303 3154 au·
1413 3123 1469 3162 (a)
1515 3113 1602 3152 Lib.
1617 3126 1656 3150 v.
1687 3113 1823 3166 Capite
1844 3126 1910 3154 ιι.
1938 3115 2076 3167 pagina
2099 3123 2189 3162 1310

488 3180 567 3207 tem
610 3168 729 3204 Hadr}
736 3181 936 3205 nnnnnnnn
945 3172 976 3205 le
1009 3169 1111 3220 Jal'o
1151 3196 1161 3212 ‚
1198 3174 1311 3209 Anno
1367 3168 1526 3207 edit-11.

491 3222 631 3261 Christi
665 3235 684 3259 e
703 3235 729 3263 x
746 3236 770 3262 x
788 3234 812 3261 x
829 3235 850 3260 v
872 3233 887 3261 ι
906 3233 923 3271 ,ι
950 3232 985 3263 1.
1004 3236 1082 3274 quo
1102 3224 1311 3278 Imperium
1418 3225 1477 3272 (3)
1507 3221 1594 3264 Lib.
1611 3233 1773 3275 tvl-pag·
1792 3234 1857 3269 70·
