2550 3898
720 426 840 489 SS.
893 423 1257 485 Nommrs
1305 418 1501 508 Jsssu
1933 451 1967 507 3

248 519 608 612 imagines5
638 537 900 604 quarum
943 517 1003 576 in
1052 511 1315 579 vestibus
1367 515 1552 577 literae
1597 509 1969 604 fingulareS,

247 614 375 680 five
420 611 638 700 supra,
678 607 796 674 five
843 603 997 671 infra
1038 605 1381 697 speciantur
1412 654 1430 670 .
1486 608 1850 676 Occurrunt
1886 635 1964 677 eae

250 711 312 772 in
353 706 606 790 antiquis
649 698 908 767 vasculis
952 702 1160 766 vitreis
1206 725 1358 767 auro
1396 699 1695 790 depistae:
1758 707 1815 768 in
1867 729 1971 770 ve-

250 798 419 866 tustis
448 793 838 861 Basilicarum
865 793 1165 861 absidibus
1195 817 1377 885 opere
1415 793 1659 861 rnufivo
1689 797 1966 864 constru-

252 895 394 960 astae:
445 894 594 954 item
631 892 691 953 in
729 890 1034 955 veteribus
1073 888 1386 955 codicibus
1430 893 1614 955 variis
1656 893 1968 958 coloribus

253 983 573 1053 distinctam
614 984 989 1048 Earumdem
1024 981 1402 1074 singularum
1440 986 1760 1050 literarum
1794 990 1972 1053 inter-

252 1082 656 1173 pretationem
697 1078 850 1142 adeo
887 1074 1198 1141 diversam
1239 1079 1508 1166 produnt
1544 1080 1771 1144 eruditi
1816 1083 1974 1162 viri,

256 1194 325 1240 ut
360 1170 679 1237 dubitandi
711 1173 914 1260 potius
953 1167 1161 1236 ansam
1197 1170 1605 1257 praebuerint,
1653 1196 1836 1261 quam
1878 1198 1976 1239 ve-

255 1271 502 1333 ritatem
559 1263 877 1330 elucidaffe
934 1264 1260 1330 videantur
1297 1313 1313 1329 .
1387 1264 1690 1331 Austores
1757 1271 1977 1333 Romae

256 1359 649 1427 subterraneae
692 1368 819 1439 (1)
868 1360 1069 1424 literas
1117 1382 1158 1425 T
1184 1407 1198 1422 .
1239 1381 1324 1424 X.
1365 1381 1425 1424 1.
1471 1358 1534 1426 ὅ(
1587 1383 1668 1425 Η.
1711 1361 1979 1429 animad-

255 1472 573 1521 verterunt
599 1457 656 1516 in
682 1452 942 1519 vestibus
987 1456 1374 1542 antiquarum
1421 1455 1810 1545 imaginum,
1855 1457 1982 1520 illa·

258 1571 518 1635 rumque
553 1548 1123 1636 interpretationem
1160 1551 1242 1612 ita
1274 1547 1604 1636 exposuere
1634 1595 1656 1625 ‚
1707 1569 1775 1614 ut
1807 1551 1981 1614 litera

257 1665 331 1706 T.
351 1641 574 1705 Crucem
593 1687 610 1714 ‚
639 1638 758 1705 five
782 1641 907 1707 Tau
934 1638 1267 1728 fignificare
1296 1640 1717 1728 prodiderint:
1744 1665 1823 1706 x.
1844 1642 1982 1707 Cru-

263 1760 371 1798 cem
419 1733 743 1821 deczffztam
787 1761 802 1797 :
860 1757 917 1798 1.
970 1730 1188 1796 Nomen
1250 1755 1425 1801 JESU
1487 1731 1980 1815 sanctiffimum3

263 1831 404 1893 licet
445 1832 605 1889 enim
645 1828 805 1912 apud
838 1831 1091 1890 Graecos
1133 1827 1308 1888 litera
1357 1849 1413 1890 1.
1461 1850 1785 1892 numerum
1830 1826 1982 1892 defi-

261 1939 446 2012 gnet‚
491 1941 705 2005 nempe
746 1918 1104 1993 decimum,
1153 1934 1357 1981 tamen
1405 1918 1566 1984 idem
1624 1945 1796 1991 JESU
1854 1926 1984 1988 No-

263 2037 406 2080 men
451 2014 677 2101 pariter
704 2011 991 2087 denotat,
1019 2029 1086 2075 ut
1120 2010 1300 2076 habet
1327 2016 1389 2077 S.
1411 2015 1699 2078 Clemens
1729 2018 1985 2082 Alexan·

267 2106 522 2183 (binus,
563 2108 835 2196 inquiens
872 2114 976 2188 (2)
1018 2099 1157 2158 Μήτι
1195 2104 1280 2157 τᾶν
1311 2102 1624 2177 δέκοίχορθον
1662 2105 1941 2176 ψαλπίειον
1967 2144 1986 2174 ,

1313 2212 1375 2272 A
1432 2231 1465 2270 2
1919 2223 1991 2269 «τὸν

322 2328 383 2371 (ι)
416 2322 602 2362 Antonius
634 2322 760 2361 Bofius
789 2325 877 2364 Lib.
899 2338 959 2364 ῐν.
976 2329 1094 2380 Capi·
1152 2333 1243 2372 tert'o
1265 2333 1423 2383 psallere
1440 2360 1454 2377 ,
1481 2335 1540 2372 es}
1575 2337 1694 2372 Deum
1725 2334 1886 2371 laudare
1904 2358 1916 2375 ‚
1945 2332 1987 2371 in

271 2389 306 2418 te
334 2388 529 2418 xxxvru·
552 2400 566 2417 ,
597 2376 748 2414 Paullus
779 2378 982 2430 Aringhius
1016 2385 1099 2422 To·
1154 2385 1314 2423 Nomine
1333 2389 1486 2425 Domini
1503 2387 1630 2425 omnia
1643 2388 1772 2432 facere
1792 2412 1804 2428 ,
1819 2388 1985 2425 charita.

271 2444 336 2471 mo
361 2433 412 2469 11.
431 2430 516 2468 Lib.
536 2441 602 2466 vx·
621 2431 723 2480 Cap.
740 2444 909 2469 xxv111.
1152 2435 1270 2487 eisque
1292 2464 1307 2482 ,
1349 2445 1395 2478 θ’
1428 2439 1502 2477 Dei
1526 2449 1706 2489 precepta
1734 2439 1882 2488 servare
1903 2445 1985 2479 effe.

319 2489 382 2535 (z)
402 2481 615 2533 Paedagogi‚
631 2481 784 2523 Lib-11.
804 2487 970 2536 Cap-tv.
991 2488 1097 2527 Gen·
1152 2492 1293 2529 Verum
1317 2517 1329 2533 ‚
1364 2491 1431 2542 qui
1453 2494 1595 2543 primus
1612 2493 1732 2531 edidit
1765 2493 1874 2532 saneti
1893 2492 1984 2532 Cle·

272 2536 397 2578 tianus
422 2537 614 2574 Hervetus
631 2560 646 2577 ³
675 2539 739 2589 qui
763 2538 902 2578 stieffis
920 2566 932 2583 ‚
960 2554 1093 2591 perpe·
1149 2546 1286 2583 mentis
1306 2544 1556 2585 Alexandrini
1579 2548 1708 2597 Opera
1740 2559 1857 2597 graeca
1877 2572 1890 2588 ‚
1914 2547 1986 2585 fuit

272 2592 422 2642 tuisque
448 2592 729 2630 commentariis
762 2594 1010 2644 prosequutus
1041 2595 1091 2632 est
1152 2597 1276 2635 Petrus
1303 2597 1483 2637 Viaorius
1513 2600 1636 2637 noster
1665 2625 1678 2642 ,
1711 2601 1775 2651 qui
1813 2598 1988 2638 nitidiffi·

274 2649 404 2694 Opera
452 2643 565 2682 saneti
609 2645 822 2684 Clementis
872 2647 1091 2698 Presbyteri
1149 2663 1251 2689 mam
1285 2650 1499 2690 editionem
1525 2678 1537 2695 ,
1570 2651 1607 2691 in
1638 2651 1761 2691 forma
1793 2653 1907 2692 folii,
1944 2664 1986 2693 ut

274 2697 553 2740 Alexandrini,
581 2698 745 2737 editione
767 2700 1005 2740 Parifienfiin
1023 2700 1092 2739 fol·
1148 2707 1256 2753 ajunt
1274 2726 1287 2750 2
1329 2705 1474 2743 cutzvit
1516 2707 1715 2745 Florent⁷ae
1752 2709 1855 2758 typis
1883 2707 1989 2745 Lm·

276 2754 348 2790 An.
372 2761 423 2788 M.
449 2761 491 2787 n.
514 2762 710 2792 Lxxxx,
738 2766 828 2806 pag.
846 2765 934 2793 201..
966 2759 1000 2793 &
1019 2755 1098 2807 seq.
1156 2758 1270 2797 rentii
1288 2758 1549 2803 Τοττεηιῖηῖῐ,
1571 2763 1770 2799 Ammon.
1792 2760 1988 2811 inscripfit·

276 2803 403 2841 subdit
434 2804 480 2841 ad
511 2807 607 2844 hunc
639 2807 770 2844 locum
801 2808 1063 2847 illustrandum
1084 2836 1096 2849 .
1155 2825 1227 2864 que
1260 2813 1442 2850 Marcello
1463 2812 1634 2852 Cervino
1653 2813 1849 2852 Cardinali
1875 2839 1885 2853 ‚
1918 2811 1985 2851 fibi

281 2856 495 2906 Psatterium
521 2869 649 2897 autem
676 2862 944 2900 decachordum
963 2887 973 2904 ‚
1011 2865 1097 2900 Ver·
1158 2867 1267 2918 longe
1285 2863 1511 2904 amiciffimo
1533 2890 1544 2902 .
1567 2866 1986 2913 Notationesejusdem

279 2911 366 2948 bum
391 2922 406 2949 J
425 2924 442 2947 ε
460 2926 472 2947 s
490 2927 509 2948 u
528 2927 553 2949 M
572 2941 584 2954 ,
605 2915 825 2956 Ominum,
847 2917 1016 2965 inquam,
1032 2930 1095 2955 no·
1157 2919 1287 2962 Petri,
1319 2921 1353 2957 &
1384 2920 1546 2959 aliorum
1581 2946 1595 2964 ,
1627 2920 1747 2959 altera
1779 2920 1950 2959 editione
1968 2944 1984 2963 ,

269 2963 393 3015 strum
407 2966 593 3014 fignificat
609 2993 620 3006 .
653 2967 795 3006 Nomen
812 2971 910 3007 em'm
942 2981 959 3012 J
979 2986 999 3011 ε
1016 2984 1062 3009 su
1080 2984 1094 3009 ς
1157 2973 1294 3024 pariter
1325 2975 1363 3011 in
1395 2972 1464 3011 fol.
1485 2973 1723 3023 postmodum
1746 2973 1892 3012 addidit
1916 2975 1990 3012 Fri·

277 3029 342 3067 per
359 3018 521 3056 Graecam
549 3021 699 3058 aiteram
734 3020 810 3070 Jod
825 3047 837 3064 ‚
867 3036 947 3073 quae
975 3028 1099 3062 decem
1158 3027 1304 3064 dericus
1324 3026 1547 3077 Sylburgius
1568 3026 1773 3065 Veterenlis
1793 3052 1806 3070 ,
1837 3041 1884 3067 ex
1901 3029 1987 3077 Ty·

271 3069 460 3119 fignificat
476 3097 488 3114 ,
504 3076 736 3112 ossendntur:
767 3088 841 3125 qua
858 3076 970 3114 etiam
984 3078 1098 3127 stgni-
1156 3080 1388 3131 pographejo
1426 3080 1656 3131 Hieronymi
1706 3082 1943 3120 Commelini
1973 3103 1987 3118 0

274 3122 443 3182 fi3antur
459 3149 472 3164 ,
502 3135 543 3164 ut
562 3127 630 3164 alii
648 3137 836 3178 exponunt
853 3156 867 3173 ,
897 3133 1019 3168 decem
1038 3133 1110 3168 Le-
1166 3138 1275 3172 Anno
1296 3135 1580 3173 c12.12.xc11.
1608 3136 1654 3171 ad
1686 3148 1799 3186 quern
1836 3133 1990 3187 requist-

276 3189 339 3224 gts
354 3188 533 3230 praecepta
547 3207 559 3221 .
590 3182 637 3220 ln
665 3184 885 3224 decachordo
902 3198 984 3236 ergo
1006 3184 1101 3236 Psal.
1166 3196 1227 3225 tus
1252 3186 1509 3239 unusquisque
1548 3187 1699 3230 miterat
1718 3189 1796 3229 suas
1811 3209 1823 3226 ο
