2550 3898
2000 224 2123 233 n--n-ffae

347 241 382 289 6
936 254 971 292 n
1016 255 1038 292 1
1085 254 1107 291 s
1152 257 1178 293 s
1223 255 1251 293 E
1296 255 1334 292 a
1375 257 1408 294 Τ
1455 257 1489 295 A
1532 257 1565 296 'r
1605 237 1629 295 i
1666 257 1702 297 o

351 325 457 362 tem
495 347 507 369 ‚
576 309 633 363 in
673 305 903 365 formam
940 312 1108 368 literae
1144 335 1196 370 o.
1242 316 1558 371 mutandum
1597 314 1792 371 curaffe
1841 312 2016 389 ipsum
2047 312 2296 370 ‘elemen-

342 400 455 440 tum
478 405 526 440 v.
569 389 723 461 quod
767 390 976 444 idcirco
999 390 1141 446 hasta
1163 395 1440 463 interjecta
1462 391 1712 449 dissecuit
1731 433 1744 455 ,
1789 407 1850 447 ut
1872 391 2081 446 Tabula
2105 395 2198 446 aeri
2218 396 2301 448 in.-

341 460 446 516 cisa
481 463 546 517 ad
570 465 1059 523 vetustimarmoris
1106 470 1413 544 exemplum
1449 467 1687 526 fideliter
1728 469 1960 525 ostendit
1983 511 2005 528 .,
2037 472 2294 524 Ceterum

345 542 462 615 pari
482 542 681 594 mendo
719 545 940 598 vitiatos
988 542 1122 601 alios
1165 568 1387 623 quoque
1409 548 1617 624 lapides
1644 546 1948 623 aliquando
1971 545 2299 621 inspeximus

347 619 488 691 apud
505 619 736 673 editores
763 634 1002 676 veterum
1040 629 1536 681 monimentorum.
1583 644 1756 681 vrxr‘r.
1783 642 1980 678 ANNVS.
2009 643 2056 677 L.
2104 623 2303 697 legitur

346 714 511 768 penes
538 698 828 751 Gruterum
857 702 931 767 (1)
953 702 1006 752 in
1029 699 1302 756 Thesauro
1324 705 1667 777 antiquarum
1696 701 2126 776 inscriptionum
2150 722 2162 760 ε
2204 700 2300 756 ab}

345 773 509 825 etiam
531 771 790 828 habemus
815 794 986 829 ANNVS
1009 796 1118 830 Dvo
1151 785 1227 846 (2)
1252 799 1264 833 :
1291 777 1531 853 aliosque
1553 780 1691 835 duos
1722 779 1960 834 vetustos
1991 777 2194 852 lapides
2218 777 2306 831 ad-

348 848 570 902 modum
613 846 770 903 fimili
819 851 1084 906 caelaturae
1130 856 1271 909 vitio
1320 856 1596 911 notabiles
1649 855 2003 931 postmodum
2071 854 2305 929 protulit

351 925 649 998 cLLupius
695 945 723 980 e
759 929 1029 982 Societate
1059 949 1188 1001 μευ
1224 931 1481 987 Sacerdos
1521 934 1575 987 in
1612 933 2010 990 Differtatione
2041 933 2105 986 de
2146 933 2311 1006 epita-

352 1001 489 1077 phio
506 1004 707 1055 Severae
725 1003 981 1079 Martyris
1006 1010 1086 1078 (3)
1111 1049 1120 1059 .

508 1080 660 1132 Binas
684 1079 802 1134 illas
824 1083 1054 1156 unitates
1093 1103 1360 1140 annorum
1402 1106 1629 1142 numero
1646 1103 1734 1143 xx.
1773 1086 1898 1142 ideo
1934 1085 2299 1161 superadditas

349 1155 497 1212 fuiffe
524 1158 846 1227 conijcimus
869 1199 881 1218 ,
926 1174 987 1212 ut
1005 1160 1136 1215 loco
1170 1182 1330 1235 quarn
1352 1179 1570 1238 poterat
1591 1167 1928 1240 proximiori
1959 1162 2199 1238 scalptor
2217 1163 2304 1216 ad,-

347 1248 580 1310 poneret
608 1256 621 1294 ;
662 1238 954 1310 locumque
976 1240 1140 1310 magis
1161 1256 1539 1314 opportunum
1556 1257 1702 1307 certe
1746 1261 1859 1295 non
1885 1243 2093 1295 invenit
2117 1244 2174 1295 in
2201 1239 2297 1292 illa

349 1311 470 1367 satis
498 1311 674 1386 ampla
695 1331 812 1368 area
831 1353 846 1374 ,
889 1333 1008 1387 quae
1043 1314 1312 1390 supererat
1336 1318 1479 1372 linea.
1506 1320 1684 1393 prima
1710 1339 1722 1374 :
1764 1338 1940 1393 neque
1962 1320 2105 1372 enirn
2155 1317 2297 1371 linea

348 1388 578 1445 secunda
608 1389 725 1444 illas
753 1393 979 1446 unitates
1007 1395 1254 1467 capiebat
1277 1435 1291 1455 ,
1334 1415 1435 1450 nec
1465 1394 1621 1450 locus
1663 1411 1818 1471 aptus
1849 1393 2041 1450 eisdem
2064 1435 2077 1455 ‚
2122 1395 2293 1448 tertiae

350 1467 505 1521 lineae
527 1481 728 1542 caput,
772 1489 834 1523 ne
871 1468 1172 1543 legentibus
1211 1473 1548 1548 epitaphium
1586 1493 1653 1527 eo
1692 1475 1806 1527 loci
1838 1472 2085 1547 aliquam
2107 1468 2301 1524 obscu-

347 1547 561 1599 ritatem
601 1560 880 1617 parerent‚
923 1563 1014 1601 aut
1040 1550 1444 1604 turbationem.
1492 1551 1627 1605 Sunt
1663 1566 1845 1604 autem
1892 1553 1949 1604 in
1987 1548 2200 1603 vetustis
2228 1546 2305 1600 la·-

345 1621 563 1697 pidibus
589 1620 1005 1696 frequentissima
1024 1624 1302 1679 literarum
1326 1625 1699 1700 supplementa
1727 1665 1739 1684 ,
1781 1629 1950 1680 etiam
1975 1665 1988 1684 ‚
2032 1626 2180 1698 quod
2204 1626 2310 1677 mi·

345 1700 476 1755 reris
505 1738 518 1759 ,
561 1700 733 1755 media
751 1701 1082 1777 quandoque
1104 1702 1346 1757 dictione
1368 1741 1382 1761 ‚
1435 1704 1692 1757 nimirum
1721 1744 1732 1761 ,
1760 1719 1821 1757 ut
1852 1702 2179 1774 castigentur
2199 1700 2307 1754 hoc

346 1779 509 1853 pacto
533 1775 826 1852 sphalmata
846 1781 1315 1852 quadratariorum
1340 1821 1353 1841 ,
1396 1784 1494 1855 qui
1514 1783 1760 1835 Graecam
1786 1820 1800 1839 ‚
1855 1783 1913 1834 ὃς
1932 1781 2178 1833 Latinam
2198 1777 2308 1831 lin-

347 1874 510 1929 guam
554 1855 749 1911 callere
789 1858 1039 1912 videntur
1065 1899 1077 1917 ‚
1122 1860 1248 1912 dum
1294 1858 1571 1934 epitaphia
1614 1859 1815 1914 caelant
1857 1897 1872 1917 ‚
1918 1876 2087 1936 quum
2129 1870 2306 1910 tamen

347 1933 482 1988 nihil
508 1933 704 1988 horum
729 1954 983 2009 umquam
1004 1935 1326 1991 didicerint.
2064 1976 2094 1987 2-

504 2014 587 2066 De
622 2010 856 2065 formula
884 2032 1003 2065 Ptvs
1026 2032 1188 2066 vas
1211 2053 1224 2071 ‚
1269 2011 1444 2066 titulis
1476 2014 1876 2066 cinerariorum
1920 2009 2268 2084 ollarumque
2291 2047 2304 2068 ‚

345 2086 871 2164 &sarcophagorum
910 2086 1179 2164 saepissime
1201 2087 1460 2162 inscripta
1499 2087 1655 2143 fufius
1679 2090 1856 2144 dicere
1897 2107 2008 2140 non
2033 2088 2104 2140 est
2131 2083 2308 2141 neces-

349 2166 436 2221 se:
480 2187 648 2240 quum
687 2165 976 2242 praesertim
1002 2171 1160 2222 etiam
1198 2170 1253 2221 in
1280 2164 1423 2242 poesi
1457 2206 1471 2225 ,
1516 2181 1679 2241 atque
1718 2167 1974 2221 oratione
2003 2164 2177 2218 soluta
2202 2185 2307 2220 nu-

348 2247 514 2298 meris
536 2242 840 2318 frequenter
861 2263 1115 2300 occurrat
1141 2288 1152 2298 .
1199 2248 1322 2298 Eam
1346 2245 1559 2318 quippe
1595 2244 1826 2298 ornandi
1854 2240 2109 2296 sermonis
2137 2240 2305 2295 caussa.

352 2321 619 2377 adhibent
666 2323 867 2377 Plinius
893 2328 975 2392 (4)
1002 2362 1014 2381 ,
1060 2322 1279 2377 Plautus
1308 2327 1425 2389 (5),
1471 2323 1755 2376 Terentius
1806 2327 1890 2388 (6)
1914 2321 2024 2374 &a
2068 2316 2308 2393 Lepidis-

347 2395 469 2458 fime
504 2414 677 2454 autem
700 2400 762 2454 de
784 2420 931 2456 more
954 2399 1221 2454 Martialis
1248 2399 1413 2453 habet
1441 2406 1516 2469 (7)
1541 2440 1552 2451 .

666 2480 891 2549 Speranti
901 2480 1063 2553 plnres
1090 2518 1102 2537 ‚
1147 2499 1255 2534 nam
1266 2479 1400 2547 stare
1419 2495 1505 2534 aut
1529 2479 1724 2550 crescere
1749 2476 1914 2533 debent

656 2557 868 2610 Manem
895 2597 908 2617 ‚
933 2573 1170 2612 venerunt
1191 2574 1393 2610 PLUst
1414 2573 1649 2610 MINUSVE
1673 2555 1772 2609 duae
1799 2596 1810 2607 .

500 2635 879 2708 Conqueritur
901 2633 1107 2691 scilicet
1147 2635 1210 2689 de
1234 2632 1612 2689 Posthumiano
1634 2671 1648 2691 ‚
1691 2651 1720 2685 a
1743 2649 1856 2704 quo
1876 2627 2039 2682 libras
2067 2629 2280 2700 argenti

349 2732 460 2768 ison
486 2715 658 2768 minus
682 2727 917 2787 quatuor
936 2711 1275 2788 exspecftabat
1297 2750 1314 2772 ,
1353 2711 1512 2787 quale
1534 2728 1726 2764 munus
1770 2722 1898 2766 ante
1931 2724 2097 2760 annos
2116 2724 2190 2835 Χ.εΙ
2213 2705 2283 2757 ab

2088 2801 2154 2837 eo
2196 2801 2283 2835 em.

401 2898 456 2934 (¹)
486 2899 566 2939 Pag·
582 2906 746 2929 mcxxvii
762 2905 898 2929 nasum.
914 2908 947 2936 42
1407 2892 1461 2930 (ς)
1491 2886 1642 2933 Captivi
1668 2884 1736 2921 dua
1766 2885 1835 2916 Αᾶ.
1855 2896 1887 2916 v.
1921 2884 2003 2917 Ξεᾶ.
2022 2894 2035 2916 1
2050 2882 2102 2914 11.
2120 2883 2207 2914 Item
2229 2877 2290 2910 Me

404 2952 457 2981 (ι)
492 2944 617 2980 Ibidem
633 2961 719 2982 num.
743 2958 753 2980 ι
771 2958 801 2981 1.
1351 2937 1493 2975 nachmi
1514 2941 1578 2971 Αᾶ.
1602 2953 1613 2973 ι
1627 2954 1661 2973 v·
1680 2943 1779 2971 Scen·
1797 2938 1848 2968 11.

411 3002 465 3037 (3)
498 3003 528 3038 ς·
542 3010 582 3031 xi
598 3010 609 3032 ι
625 3012 655 3031 ι,
673 3011 748 3043 pag.
764 3012 774 3031 1
792 3009 834 3032 ιο
1404 2997 1460 3029 (6)
1492 2987 1676 3024 Phormion
1691 2994 1758 3022 Aet.
1781 2989 1862 3020 111·
1887 2988 1992 3020 Scena
2014 2996 2026 3019 x
2042 2987 2097 3019 11.

407 3056 459 3090 (ρ)
490 3047 640 3094 Historia
657 3048 836 3084 naturalis
850 3049 927 3084 Lib..
942 3061 1023 3083 xvi.
1043 3052 1124 3092 cap.
1137 3057 1201 3082 az.
1258 3083 1262 3086 ‚
1399 3049 1456 3086 (7)
1486 3043 1772 3090 Epigrammatvn
1789 3038 1864 3072 Lib.
1881 3049 1986 3072 vm.
2014 3039 2131 3083 Epigr.
2151 3043 2260 3069 ικκι-
