2550 3898
559 492 634 534 12
899 474 1692 536 Drssx-:RTAT10

461 558 788 649 descriptos
822 561 1154 627 viderimus
1191 567 1293 644 (1)
1316 589 1334 640 3
1356 587 1421 626 ac
1462 585 1608 650 pene
1643 557 1718 624 ad
1751 553 2011 622 nostram
2045 575 2178 623 aeta-

459 670 587 720 tem
622 656 1055 742 perveniatur,
1097 678 1285 742 quum
1321 657 1613 719 memoria
1652 647 2024 717 recenseatur
2055 648 2180 715 Ma?-

457 748 672 812 chae‘lis
713 747 769 811 d’
797 747 1073 816 Arvieux
1098 792 1119 822 ,
1154 750 1225 809 &¹
1265 744 1497 810 Nicolas‘
1540 744 1831 811 Cocorm'er
1862 791 1881 821 ‚
1936 740 2181 831 hisquaa

457 837 814 907 subiiciatur
850 845 1039 907 etiam
1089 839 1409 926 Franciftus
1441 839 1791 926 Trevifimus
1815 885 1834 914 ‚
1879 839 2031 901 olim
2063 840 2182 900 Ve-

465 930 729 999 ronenfis
775 932 1107 1022 Episcopus
1135 978 1156 1008 ,
1179 938 1346 1011 cujus
1382 955 1564 1020 opera
1590 979 1610 1008 ,
1653 933 1849 1018 aliqua
1886 932 2184 1017 antiqua...

459 1023 868 1101 numismata,
917 1028 1098 1116 genio
1127 1049 1268 1114 *quo
1315 1022 1661 1100 ferebatur,
1698 1020 1954 1088 studiose
2004 1023 2181 1085 vitia-

463 1136 564 1194 ta,
615 1124 839 1184 Virum
887 1121 1155 1207 alioquin
1195 1116 1592 1183 clariffimum
1631 1118 2033 1182 Vaillantium
2085 1113 2187 1178 de-

464 1230 755 1300 ceperunt
795 1259 815 1288 ,
870 1212 994 1275 haec
1043 1210 1195 1276 serio
1239 1209 1610 1276 considerata
1651 1208 1963 1273 dubitandi
2010 1209 2182 1270 nobis

463 1301 670 1370 ansam
712 1303 1059 1394 praebuere,
1099 1328 1245 1369 num
1287 1307 1501 1392 aliquis
1555 1298 1897 1393 ingeniosus
1939 1302 2128 1364 homo
2161 1345 2182 1375 ,

464 1395 786 1486 postquam
828 1423 862 1462 a
897 1397 1067 1462 nobis
1106 1400 1229 1462 haec
1272 1397 1347 1462 de
1383 1396 1601 1483 quibus
1643 1395 1882 1484 agimus
1922 1440 1941 1468 ,
1987 1397 2187 1456 numi·

465 1487 668 1554 smata
703 1491 997 1555 delineata
1038 1490 1204 1556 fuere
1227 1537 1247 1565 ,
1284 1491 1549 1555 viriculo
1586 1490 1925 1553 examinare
1949 1482 2190 1577 aggres-

470 1578 568 1645 sus
610 1579 682 1646 fit
715 1628 736 1656 ,
777 1580 842 1647 ὅ(
879 1583 1081 1646 literas
1120 1609 1178 1646 D.
1226 1605 1287 1646 N.
1327 1607 1390 1646 v.
1427 1607 1571 1669 quas
1610 1600 1744 1645 tuto
1780 1582 2189 1667 contemplan-

467 1672 572 1737 das
612 1673 947 1737 delineator
988 1698 1059 1737 ac
1099 1677 1342 1738 caelator
1383 1672 1658 1761 exposuit
1703 1675 1762 1735 in
1807 1669 2188 1746 schematffl,

466 1763 611 1831 ausu
673 1766 998 1830 temerario
1047 1768 1374 1832 tentaverit
1434 1764 1756 1830 industrius
1808 1765 2191 1851 exprimere,

466 1855 621 1946 ipsas
661 1861 867 1923 literas
904 1862 1099 1949 magis
1138 1855 1433 1922 formatas
1472 1861 1684 1921 caelans
1711 1904 1730 1933 ,
1775 1855 2048 1920 tollendo
2104 1878 2190 1920 re-

468 1954 634 2039 liqua
674 1950 781 2016 fibi
823 1953 1025 2017 minus
1062 1950 1439 2017 evidentiora
1471 1995 1486 2012 .
1543 1954 1678 2037 Ego
1724 1949 1900 2035 plane
1942 1945 2190 2035 sponsor

470 2067 592 2108 non
636 2044 916 2108 accedam
945 2091 960 2107 .
999 2049 1155 2109 Sunt
1197 2045 1355 2105 enim
1397 2040 1725 2105 hodiedum
1764 2039 1867 2125 qui
1894 2041 1951 2102 in
1981 2041 2066 2103 his
2093 2062 2192 2103 oc·

471 2154 773 2223 cupantur
815 2137 982 2200 malo
1022 2134 1359 2226 reipublicae
1396 2130 2035 2199 literariaeincr'edibili
2062 2179 2082 2208 ,
2125 2130 2192 2199 ἃ

473 2229 656 2292 alicui
697 2225 936 2294 fortaffe
959 2276 979 2308 ,
1022 2231 1270 2295 illorum
1308 2228 1622 2303 nonnulli,
1657 2227 1786 2290 aliis
1812 2246 1957 2289 vero
1984 2227 2188 2313 plures

473 2319 857 2387 innotescunt
884 2370 897 2385 .

679 2419 972 2480 Ceterum
1023 2415 1173 2478 vitio
1236 2415 1492 2478 vertitur
1546 2409 1611 2480 ὃς
1648 2410 1977 2499 opponitur
2019 2408 2192 2475 nobis

475 2518 504 2588 (
540 2512 825 2595 quoniam
878 2506 1089 2572 eadem
1147 2506 1516 2572 numismata
1560 2502 1919 2571 Alexandro
1962 2510 2193 2570 Severo

474 2600 894 2689 adscripfimus
930 2605 956 2680 )
996 2645 1015 2676 ,
1054 2603 1252 2665 minus
1293 2623 1546 2664 concors
1581 2599 1710 2662 aliis
1761 2593 1940 2684 ipfius
1977 2596 2190 2660 Severi

473 2694 840 2786 imaginibus
881 2692 1260 2771 fimilitudo,
1310 2716 1492 2781 quare
1535 2688 2053 2754 Observationum
2090 2713 2191 2753 au-

475 2788 608 2852 &tor
649 2791 863 2879 Magni
906 2788 1242 2852 Alexandri
1290 2788 1621 2876 imaginem
1661 2785 1721 2845 in
1751 2778 1960 2845 iisdem
1998 2785 2192 2846 numi·

472 2879 764 2945 smatibus
804 2929 822 2956 ,
871 2880 1035 2968 quafi
1099 2880 1380 2970 penicillo
1441 2876 1768 2965 Raphaelis
1809 2874 2034 2938 Sanstii
2093 2874 2192 2938 de-

477 2976 700 3062 pictam
745 2972 1083 3041 substituit.
1125 2976 1327 3044 Heinc
1368 2994 1509 3036 cum
1542 2971 1753 3034 Patino
1790 2972 1892 3049 (2)
1931 3014 1951 3044 ,
1999 2966 2192 3074 Recli-

1971 3072 2118 3115 natta

518 3198 577 3247 (ι)
601 3192 953 3248 ΟᾸΞνυαιὶοηῖῢέ.
976 3202 1066 3244 pag.
1084 3199 1148 3239 13.
1369 3187 1435 3237 (ι)
1458 3189 1637 3240 Imperat.
1655 3180 2096 3236 RomamnNumismata
2112 3188 2192 3225 [Tc.
