2550 3898
523 487 612 548 40
857 472 1744 534 Dr‘ssERTAT1o

614 559 933 649 Denique,
978 580 1045 628 ut
1073 558 1553 629 Observationes
1602 558 1732 626 suas
1770 557 1844 625 ad
1865 577 2150 650 optatum

421 648 607 716 finem
650 653 866 719 auctor
908 656 1244 743 perducat,
1293 655 1533 747 signum
1573 654 1922 744 Scorpionis
1964 659 2023 720 in
2071 657 2160 719 hi-

429 741 522 808 sce
564 745 1032 815 numismatibus
1075 772 1194 813 non
1235 751 1502 827 indicat,
1553 749 1681 838 ipso
1709 748 1915 834 judice
1959 798 1979 827 ,
2023 753 2157 817 Ho-

426 835 751 931 roscopum
780 889 801 919 ‚
851 841 979 908 five
1017 861 1259 931 tempus
1303 844 1643 909 nativitatis
1682 843 2018 909 Alexandri
2055 848 2159 910 Se-

425 935 596 997 veri:
645 936 814 1023 quod
856 939 915 999 in
953 955 1299 1001 memorata
1337 935 1599 1026 Epistola
1646 945 1749 1019 (1)
1800 939 2163 1003 curavimus

426 1023 840 1094 demonstrare
869 1077 886 1094 .
939 1029 1244 1097 Concedit
1278 1028 1401 1120 ipse
1426 1079 1446 1108 ‚
1498 1055 1690 1121 neque
1729 1034 1894 1096 enim
1928 1028 2156 1096 inficia-

420 1120 476 1183 ri
524 1119 713 1209 posset
747 1172 767 1201 ,
830 1124 1113 1189 eumdem
1161 1118 1587 1190 Alexandrum
1641 1123 1842 1191 mense
1884 1124 2159 1192 Ostobri

422 1231 635 1278 natum
680 1214 888 1294 -fuiffe,
941 1241 1062 1307 quo
1103 1218 1455 1307 Scorpionis
1504 1217 1747 1311 fignum
1810 1222 2005 1309 tangit
2049 1218 2159 1284 Sol

422 1308 686 1375 Zodiaci
721 1308 992 1377 semitam
1029 1335 1382 1402 percurrens
1418 1360 1439 1391 ,
1500 1333 1682 1404 negat
1735 1332 1942 1379 tamen
1979 1317 2159 1379 Scor-

421 1403 666 1487 pionem
704 1403 1144 1495 Horoscopum
1174 1452 1196 1481 ,
1247 1405 1368 1472 five
1427 1404 1670 1500 fignum
1718 1405 1829 1473 esse
1870 1409 2153 1471 nativita-

423 1495 502 1555 tis
546 1501 688 1575 (2).
745 1502 1062 1565 Virtutem
1106 1497 1368 1566 vestram
1411 1501 1729 1590 expostulo
1775 1519 1954 1590 atque
1994 1498 2158 1564 obte-

419 1582 544 1649 stor
575 1635 596 1662 ,
659 1592 792 1655 Viri
846 1592 1176 1657 doctiffimi
1212 1644 1233 1675 ,
1283 1618 1355 1658 ne
1410 1596 1522 1658 hac
1582 1594 1823 1660 dicendi
1876 1595 2152 1658 ration&

420 1687 982 1749 commoveamini.
1032 1687 1194 1750 Mihi
1234 1687 1294 1750 in
1339 1689 1546 1751 animo
1572 1686 1694 1762 est,
1742 1686 1985 1773 quando
2014 1684 2152 1749 scri-

418 1774 699 1861 ptoribus
734 1777 999 1867 proba-tae
1039 1775 1182 1844 fidei
1218 1782 1538 1846 innitimur
1563 1827 1584 1856 ,
1630 1779 1695 1847 ἃ
1741 1782 1799 1843 in
1828 1777 2156 1856 numisma-j

416 1865 581 1933 tibus
638 1871 905 1961 expreffa
966 1871 1251 1960 symboia
1310 1874 1374 1940 ὅ(
1413 1873 1580 1964 figna
1630 1877 1863 1963 opti-me
1910 1871 2151 1962 respon-

417 1959 563 2050 dent
608 1962 909 2042 historiae,
950 1990 1070 2030 non
1108 1964 1219 2031 effe
1255 1969 1728 2054 perturbandam
1791 1991 1998 2030 rerum
2045 1988 2151 2056 ge-

413 2050 643 2121 starum
681 2063 1089 2124 narrati—onem
1129 2107 1149 2136 ,
1199 2082 1308 2123 nec
1352 2062 1831 2148 permittendum
1874 2111 1893 2140 ,
1943 2079 2009 2124 ut
2050 2082 2148 2149 pe·

414 2151 656 2240 regrina
700 2154 781 2216 rei
819 2154 1171 2241 antiquariae
1209 2156 1552 2234 eruditione
1595 2159 1878 2242 cuiquam
1923 2179 1955 2217 a
1997 2156 2150 2218 veri·

411 2257 536 2305 tate
578 2246 821 2337 longius
862 2250 1066 2337 vagari
1112 2250 1292 2312 liceat
1335 2296 1351 2311 t
1405 2253 1468 2313 Si
1518 2249 1578 2310 in
1637 2247 1900 2337 Augusti
1955 2250 2150 2312 numi-

409 2331 703 2403 smatibus
743 2341 1158 2430 Capricornus
1200 2362 1320 2402 non
1357 2343 1583 2403 indicat
1622 2341 1883 2422 ejusdem
1924 2341 2146 2405 Princi-

408 2431 503 2517 pis
544 2428 981 2520 Horoscopum
1006 2481 1026 2511 ‚
1073 2431 1241 2521 <quod
1285 2452 1486 2497 tamen
1527 2437 1856 2499 Svetonius
1903 2432 2141 2512 scribit,

412 2519 479 2588 <Sc
520 2522 640 2614 ipse
669 2526 986 2617 Augustus
1026 2527 1099 2591 de
1145 2550 1216 2592 eo
1241 2530 1431 2619 Signo
1457 2576 1477 2605 ,
1528 2528 1692 2614 quod
1737 2552 1879 2595 vere
1916 2526 2144 2593 suum-2

408 2617 848 2709 Horoscopum
889 2622 1206 2699 crederet,
1254 2624 1592 2710 plurimum
1644 2619 1751 2686 fibi
1794 2620 2140 2687 blandieba-

407 2728 555 2777 tur:
608 2717 947 2803 Qomodo
989 2740 1205 2784 verum
1266 2712 1375 2781 effe
1433 2718 1734 2804 quiverit,
1789 2719 1954 2804 quod
1998 2719 2141 2804 Spa-

413 2806 690 2875 nhemius
719 2860 742 2892 ,
783 2815 1170 2903 Angelonius
1212 2857 1231 2884 ,
1281 2810 1344 2877 ὅ(
1385 2813 1485 2875 alii
1529 2807 1746 2875 selecia
1795 2810 2136 2874 eruditione

409 2901 751 2987 praestantes
807 2913 922 2971 viri
980 2902 1338 2996 scripserunt
1380 2952 1400 2981 ,
1453 2902 1695 2993 prorsus
1741 2908 2136 2995 ignoramus,

414 2997 732 3089 Augustus
769 3025 1028 3094 namque
1060 3002 1286 3067 comite
1309 3001 1639 3091 Agrippa,
1694 3021 1762 3066 ut
1803 3003 1843 3065 ii
1884 2997 2138 3064 tradunt

1896 3107 2058 3149 VCKU*

466 3205 528 3252 (1)
563 3207 656 3260 Pag.
680 3210 916 3261 πεπείραις.
1347 3205 1417 3258 (2)
1453 3202 1841 3260 Offlrvaz0p23036·
