2550 3898
531 504 617 566 24
858 489 1737 550 DrsszRTAT1o

437 578 733 641 videlicet
805 578 1137 642 nativitatis
1203 577 1541 643 Alexandri
1598 597 1840 668 tempus
1881 623 1903 655 ‚
1967 599 2161 643 cum-2

433 672 783 757 Scorpionis
861 671 1029 764 figno
1099 693 1350 761 apogaeo
1395 717 1415 746 ,
1478 670 1544 738 ὅ(
1604 671 1894 760 Astnarios
1953 694 2165 760 aeque..-

430 762 670 850 Judaeos
716 789 785 828 ac
823 766 1200 832 Christianos
1231 785 1643 854 nuncupatos,
1690 766 1923 851 Qod‚
1973 785 2039 829 ut
2073 759 2164 829 su-

428 880 537 945 pra
575 857 811 923 elifium
849 858 985 933 est,
1031 856 1283 923 difficile
1339 860 1556 925 honori
1616 888 1649 926 a
1694 858 2004 948 quibusvis
2052 857 2156 922 tri·

425 951 647 1016 buetur
684 978 698 1014 :
761 976 955 1041 neque
996 950 1157 1042 poffe
1198 949 1509 1017 censemus
1553 980 1586 1020 a
1623 976 1930 1044 quoquam
1981 949 2161 1016 adfir-

423 1045 630 1120 mari,
673 1042 859 1112 inscio
899 1052 1281 1135 Imperatore
1323 1048 1443 1112 haec
1481 1046 1845 1114 numismata
1892 1044 2058 1111 fuisse
2085 1043 2159 1108 ab

421 1141 628 1227 aliquo
671 1142 874 1204 caelata
902 1187 921 1216 ,
966 1140 1030 1206 ὃς
1067 1164 1170 1229 per
1211 1141 1467 1206 modum
1501 1144 1626 1225 joci
1665 1190 1685 1219 ,
1730 1139 1854 1206 five
1899 1137 2162 1231 pasquil-

421 1234 468 1296 li
505 1279 525 1308 ,
590 1249 657 1297 ut
698 1236 890 1325 vulgo
930 1233 1194 1298 dicimus
1230 1281 1249 1311 ‚
1311 1237 1560 1326 vulgata
1591 1282 1611 1312 ,
1656 1255 1723 1301 ut
1764 1237 2160 1324 Imperatoris

428 1327 694 1415 gratiam
743 1327 858 1390 hoc
906 1327 1054 1392 ludo
1095 1331 1273 1393 iniret
1309 1355 1328 1407 3
1388 1351 1454 1394 ut
1491 1329 1774 1394 eumdem
1816 1335 2161 1417 Imperato-

426 1443 554 1483 rem
595 1419 874 1486 adversus
903 1421 1153 1512 Judaeos
1194 1421 1260 1489 ὃς
1299 1422 1678 1488 Christianos
1713 1420 2154 1498 inflammaret3

426 1531 496 1577 ut
537 1537 571 1575 a
609 1518 886 1578 Deorum
933 1518 1106 1580 cultu
1145 1513 1267 1603 ipse
1293 1522 1637 1605 Imperator
1675 1517 1868 1581 hilum
1915 1538 2032 1580 non
2073 1515 2160 1580 di-

425 1623 690 1670 verteret
716 1655 730 1670 .
783 1611 1037 1671 Poenam
1081 1611 1244 1672 enim
1283 1612 1494 1697 capitis
1523 1608 1863 1674 incurriffet
1890 1608 2159 1696 quisquis

422 1700 525 1763 ille
555 1696 695 1763 esset
723 1745 743 1775 ,
795 1701 1089 1788 Principis
1112 1699 1536 1785 summumjus
1564 1701 1782 1766 laedens
1805 1747 1824 1776 ,
1874 1701 1935 1766 ὅ(
1968 1704 2162 1789 pupil-

422 1795 548 1858 lam
574 1795 738 1857 oculi
769 1840 790 1870 ,
834 1811 902 1858 ut
939 1793 1165 1860 dicitur
1188 1842 1207 1871 ‚
1245 1792 1459 1859 feriens
1489 1818 1593 1886 per
1620 1792 1931 1861 summum
1954 1790 2113 1859 nefas
2134 1841 2156 1871 ,

416 1904 648 1952 tentata
675 1888 757 1952 rei
785 1888 1134 1953 monetariae
1164 1886 1554 1976 usurpatione
1576 1937 1596 1968 ,
1625 1908 1691 1954 ut
1726 1891 1786 1952 in
1816 1887 2156 1955 Codicibus

417 1984 569 2063 juris
590 1983 840 2070 planum
862 1981 946 2046 est
968 2029 988 2057 ‚
1015 1979 1080 2047 ὅ(
1105 1985 1164 2044 in
1195 1983 1455 2045 Floreno
1481 2004 1665 2046 aureo
1692 1984 1879 2047 veteri
1907 1979 2160 2045 illustra·

423 2093 489 2139 to
515 2073 984 2139 monstravimus
1008 2081 1144 2155 (1).
1174 2077 1377 2164 Igitur
1415 2076 1475 2139 in
1500 2076 1713 2141 eadem
1746 2072 2035 2141 sententia
2057 2097 2158 2139 co·

426 2169 637 2259 gimur
695 2191 1045 2257 permanere
1086 2215 1105 2246 ,
1172 2172 1332 2234 itaut
1389 2174 1450 2233 in
1489 2170 1834 2258 opprobrium
1875 2167 2158 2233 Christia-

426 2285 616 2325 norum
679 2263 799 2327 haec
858 2261 980 2352 ipsa
1038 2261 1402 2330 numismata
1440 2263 1579 2329 cusa
1615 2262 1782 2330 fuisse
1823 2262 2098 2327 dicamus
2141 2307 2159 2326 .

426 2357 576 2419 Non
616 2372 821 2419 tamen
862 2360 945 2420 ita
981 2355 1241 2420 firmiter
1280 2359 1367 2419 illi
1407 2356 1780 2421 adhaeremus
1809 2401 1830 2433 ,
1865 2373 1971 2433 ut,
2007 2355 2160 2419 veri·

423 2452 564 2514 tatis
615 2446 875 2514 caussam
916 2452 976 2512 in
1022 2450 1132 2513 hae
1171 2445 1598 2516 Dissertatione
1629 2449 1998 2525 trastantes,
2047 2472 2156 2539 op-

423 2541 688 2632 positam
726 2544 1079 2632 opinionem
1123 2541 1326 2608 solidis
1370 2546 1740 2637 argumentis
1799 2542 2153 2608 destitutam

422 2635 669 2724 prorsus
702 2637 1053 2722 judicemus
1101 2664 1120 2717 3
1174 2661 1243 2703 ac
1282 2640 1536 2727 proinde
1579 2657 1891 2726 tamquam
1939 2634 2152 2726 proba-

422 2729 607 2797 bilem
649 2758 682 2796 a
719 2733 868 2796 viris
908 2732 1106 2797 doeiis
1147 2730 1410 2797 sustineri
1457 2729 1618 2822 posse
1661 2732 2064 2796 arbitramur.

613 2828 893 2893 Tollitur
943 2832 1118 2916 plane
1160 2828 1272 2891 hac
1313 2824 1513 2890 nostra
1562 2824 1895 2902 meth0d0‚
1943 2821 2154 2890 obscu-

423 2944 489 2983 ra
556 2920 916 2985 eorumdem
971 2918 1409 2986 numismatum
1469 2916 1725 2983 reserata
1792 2917 2082 2983 historia..
2128 2967 2148 2995 ,

422 3036 602 3079 omne
647 3015 836 3080 robur
877 3014 941 3083 ὅς
979 3020 1067 3083 vis
1109 3016 1521 3109 argumentiS,
1546 3035 1754 3079 rerum
1796 3011 2148 3079 exuberanti

1956 3107 2070 3162 ele-

443 3227 506 3278 (1)
525 3224 561 3264 ll
578 3225 726 3269 Fierino
742 3224 839 3266 d'oro
856 3226 977 3268 antico
993 3228 1202 3270 illustrato.
1221 3227 1388 3268 Fitenze.
1411 3235 1446 3263 Μ
1458 3235 1517 3264 ne
1529 3231 1722 3265 cxxxvn
1734 3230 1750 3260 1
1762 3246 1773 3260 .
1791 3221 2156 3272 Part.1.Cap.xvu.
