2550 3898
833 459 944 522 SS.
994 457 1380 519 N0M1N1s
1414 452 1627 543 Jaso
1999 473 2097 543 '33¹

411 572 606 617 novus
661 547 846 616 Ordo
907 545 1272 635 adprobatus
1328 542 1515 610 fuerit
1567 590 1590 622 ,
1639 543 1783 612 licet
1836 542 1915 613 ad
1970 552 2098 617 Ara,

407 644 752 734 gentarium
795 644 1079 704 Montem
1118 640 1180 702 in
1211 636 1477 705 Thuscia
1505 684 1525 714 ,
1549 638 1700 704 item
1738 639 1800 703 in
1833 639 2093 731 Oppido

412 737 651 803 Suriani
699 753 887 820 prope
939 729 1285 797 Viterbium
1328 730 1558 796 radices
1605 728 1848 797 fixerit:
1896 732 2096 824 potest

410 830 568 892 enim
614 822 754 890 satis
798 821 951 900 effe,
975 823 1152 889 rebus
1190 821 1272 889 fic
1313 823 1605 890 stantibus
1628 871 1650 901 ,
1673 826 1927 892 omnino
1975 848 2098 894 non

407 913 694 993 tacuiffe,
736 940 810 982 ne
855 916 1174 983 videamur
1229 919 1326 984 vel
1363 920 1695 984 recentiora
1738 921 2099 1012 negligere,

406 1015 506 1078 vel
543 1012 741 1075 minus
783 1006 1199 1100 cognoscere,
1222 1011 1326 1098 qui
1365 1011 1441 1076 de
1484 1012 1806 1099 praeteritis
1847 1035 1961 1102 pro
1996 1036 2096 1080 oc.

404 1103 640 1171 cafione
675 1099 996 1168 disserendi
1041 1101 1368 1191 aliquando
1415 1105 1759 1190 periculum
1790 1101 2050 1171 facimus
2081 1150 2102 1171 .

596 1198 809 1261 Graeci
870 1193 1196 1261 utebantur
1252 1192 1555 1284 potiflime
1615 1194 1850 1261 duabus
1912 1199 2104 1262 literis

400 1289 562 1353 circa
592 1290 923 1381 imaginem
963 1311 1129 1358 jesu
1167 1286 1396 1356 Christi
1417 1334 1439 1367 ‚
1463 1304 1533 1356 ut
1563 1286 1830 1373 ejusdem
1850 1293 2104 1356 Nomen

405 1379 779 1447 indicarent.
831 1386 1021 1448 Porro
1060 1381 1134 1447 de
1183 1383 1458 1448 Nomine
1501 1403 1666 1453 nasu
1706 1380 1933 1448 Christi
1970 1429 1994 1461 ‚
2038 1400 2110 1449 ut

401 1475 742 1563 plurimum
777 1497 883 1563 per
908 1476 1013 1540 has
1046 1494 1219 1541 notas
1261 1497 1337 1541 ic.
1371 1496 1477 1541 xc.
1533 1477 1595 1540 in
1643 1477 1910 1540 nummis
1952 1477 2109 1541 anti-

400 1569 530 1654 quis
573 1568 887 1633 contraflo
911 1614 932 1643 ,
972 1570 1101 1660 agit
1134 1569 1411 1658 Cangius
1460 1569 1522 1631 in
1563 1566 1988 1633 Dissertatione
2030 1567 2107 1633 de

400 1655 700 1724 inferioris
738 1663 855 1725 aevi
901 1658 1366 1725 numismatibus
1406 1665 1513 1736 (1)
1552 1684 1569 1721 :
1613 1662 2008 1747 occurritque
2044 1662 2110 1726 in

397 1750 718 1819 Thesauro
758 1749 1168 1816 Fridericiano
1229 1758 1332 1836 (2)
1379 1752 1440 1814 in
1485 1750 1854 1818 numismate
1898 1754 2109 1818 Alexii

395 1845 702 1909 Comneni
747 1888 770 1919 ,
812 1848 980 1924 cujus
1019 1846 1079 1905 in
1116 1841 1341 1929 postica
1371 1858 1540 1930 parte
1583 1846 1746 1908 circa
1773 1846 2112 1934 imaginem

392 1935 731 2001 salvatoris
765 1978 788 2009 ,
847 1932 982 2020 post
1045 1950 1217 1997 notas
1263 1932 1568 1999 breviatas
1618 1938 1694 1997 ie:
1733 1946 1826 2003 x—c‘.
1880 1939 2112 2028 legitur

398 2046 474 2086 KP.
506 2045 718 2087 ΒΟΗΘΕΙ
752 2072 774 2102 ,
821 2025 940 2089 hoc
976 2023 1060 2090 est
1092 2024 1335 2091 Domine
1378 2027 1603 2112 adjuva
1629 2072 1651 2104 ,
1693 2050 1951 2119 nempe,
1974 2031 2115 2094 Ale-

395 2127 556 2186 xium
603 2119 940 2183 Dominum.
994 2122 1163 2184 Item
1194 2121 1255 2184 in
1287 2116 1651 2185 numismate
1691 2124 2112 2190 Emmanuelis

399 2212 722 2303 Despotis.
774 2214 1015 2276 Etenim
1050 2215 1210 2279 circa
1250 2214 1583 2305 imaginem
1621 2235 1805 2283 JESU
1838 2213 2063 2281 Christi
2091 2262 2115 2295 ,

398 2310 623 2399 legitur
665 2326 838 2369 more
874 2300 1056 2367 solito
1097 2306 1169 2364 1’6.
1216 2311 1304 2370 ff.
1351 2306 1419 2372 ὅ(
1459 2308 1524 2371 in
1557 2327 1730 2397 gyro
1757 2327 1831 2366 ΚΕ
1864 2326 2109 2389 ΒοΗΘΕῑ,

402 2419 471 2466 ut
510 2397 683 2488 supra
716 2395 983 2461 diximus
1020 2442 1035 2459 .
1090 2396 1318 2460 Eadem
1361 2397 1521 2462 edita
1566 2397 1813 2465 fuerunt
1856 2427 1891 2466 a
1936 2406 2108 2469 Can-

397 2497 507 2586 gio
532 2498 679 2574 (3),
715 2508 895 2576 atque
927 2484 1219 2554 Anselmo
1259 2490 1569 2557 Bandurio
1591 2498 1699 2574 (4)
1723 2537 1744 2569 ‚
1782 2512 1848 2559 ut
1883 2496 1944 2559 in
1972 2499 2115 2562 Sar-³

1329 2587 1382 2648 E
2005 2586 2116 2653 do.

453 2697 513 2747 (1)
543 2697 666 2735 Num.
683 2708 806 2736 xxvn·
819 2707 853 2734 ι.
1273 2697 1359 2728 nem
1372 2685 1576 2728 salvatoris
1591 2689 1725 2731 habeat
1739 2689 1845 2744 siglas
1861 2701 2115 2748 1e01e,quum

449 2753 513 2798 (τ.)
538 2752 661 2789 ‘Gaba
677 2746 899 2788 Nummaria
911 2753 991 2789 δέ.
1022 2747 1094 2788 five
1118 2747 1217 2786 Tbe-
1275 2754 1347 2779 non
1389 2741 1527 2781 habeat
1554 2743 1767 2795 liturgieam
1797 2745 2000 2787 formulam
2039 2747 2116 2788 ΚΕ

393 2805 501 2857 sauri
517 2803 763 2852 friderigtani
778 2803 1016 2854 Numismata
1031 2802 1188 2850 antiqua
1206 2826 1220 2844 ,
1277 2793 1493 2836 ΒΟῙ-ῙΘΕΙ
1520 2821 1537 2842 ,
1586 2799 1691 2854 cujus
1732 2799 1851 2848 magis
1893 2799 2117 2843 illustranda

401 2858 568 2897 Αυᾶοιε
598 2846 811 2896 Christiano
839 2857 1076 2907 Sigiimundo
1105 2854 1222 2895 Liebe
1277 2852 1395 2889 eauffa
1426 2851 1520 2890 alios
1550 2850 1734 2904 quo1dam
1761 2865 1937 2893 nummos
1970 2855 2119 2905 produ-

399 2914 477 2950 ἃς.
509 2909 781 2950 Amstelaedami
802 2932 815 2947 .
845 2921 942 2949 rvi-Dc
955 2920 1079 2949 cxxx.
1096 2909 1131 2945 in
1153 2907 1222 2948 fol.
1279 2905 1402 2945 ximus
1419 2927 1432 2941 ο

400 2966 504 3014 Cap.
527 2964 609 3001 111.
640 2967 672 3007 ᾗ.
691 2975 808 3004 xxxx.
837 2964 971 3014 pagina
994 2967 1057 3004 89.
1077 2961 1224 3000 Ibidem
1331 2960 1393 3004 (3)
1424 2959 1468 2996 In
1484 2954 1796 3009 Conflann'nopoli
1823 2957 2057 3004 Christiana,
2075 2961 2115 3001 8<

399 3021 431 3061 §—
454 3027 574 3054 xxxxi
587 3025 620 3051 1.
656 3027 738 3067 pag.
761 3028 825 3060 92·
858 3016 929 3054 Sed
963 3015 1048 3054 vide
1079 3027 1233 3068 quoque
1288 3010 1324 3049 in
1341 3010 1606 3071 Duissettatione
1625 3009 1867 3058 deinferioris
1882 3013 1955 3052 aevi
1975 3011 2122 3066 mamis-

396 3072 533 3112 §.xxxt
546 3081 579 3106 1.
594 3080 629 3118 p.
647 3080 710 3110 91.
729 3082 923 3108 nummum
940 3068 1098 3121 joannis
1113 3070 1235 3107 Com.
1287 3067 1449 3103 maribus
1465 3090 1479 3108 ,
1508 3067 1632 3106 Num.
1647 3075 1818 3104 x1v111.

397 3122 480 3160 neni
497 3147 508 3163 ,
540 3134 650 3173 quem
669 3124 703 3160 in
724 3122 794 3159 hac
815 3122 1010 3161 Differtat.
1026 3121 1232 3162 describere
1341 3126 1402 3166 (4)
1431 3119 1654 3171 Numismat.
1673 3120 1941 3170 Imperatorum
1955 3143 1972 3167 ,
1992 3119 2117 3171 Tem}

394 3175 518 3216 miuus
534 3173 687 3217 solliciti
701 3174 856 3220 fuimus,
871 3176 960 3216 lieet
974 3174 1077 3215 cirea
1094 3173 1231 3226 imagiq
1289 3174 1348 3215 11.
1364 3184 1452 3228 pag.
1467 3184 1559 3226 754.
1579 3176 1613 3215 δι
1628 3185 1667 3226 p·
1683 3178 1775 3227 758·
