2550 3898
556 448 659 514 ‘18
951 456 1742 526 DESCRIPTIO

466 559 612 618 tus,
661 536 786 604 five
836 546 1154 616 Cornutus
1206 557 1365 636 (1),
1432 551 1533 618 ubi
1581 554 1654 619 de
1697 556 1987 620 Minerva
2027 559 2160 648 agit
2190 607 2212 636 ,

464 659 655 722 quarn
690 647 1033 716 nopvcpoess'vlw
1077 650 1490 735 nuncupavit,
1541 671 1660 713 non
1700 651 1816 714 alia
1855 650 1929 715 de
1965 648 2215 716 caussa-

471 731 832 797 Plutarchus
868 737 1282 803 Chaeronenfis
1320 749 1424 821 (ι)
1461 744 1520 804 in
1559 742 1746 807 Libro
1785 744 1859 809 de
1903 741 2063 808 Ifide
2093 791 2113 820 ,
2153 744 2219 813 ὃς

473 820 763 889 Ofiride.
821 832 1122 896 Ceterum
1172 832 1245 896 de
1268 838 1568 899 Minervae
1610 840 1794 902 natali
1846 837 2061 902 eadem
2103 837 2218 903 fer-

468 938 569 979 me
604 919 876 1003 produnt
911 927 1097 1006 Cajus
1121 928 1331 1014 julius
1368 930 1671 1018 Hyginus
1707 930 1976 1022 Augusti
2017 930 2224 997 Liber·

471 1025 572 1072 tus
609 1016 710 1091 (3)
737 1038 752 1074 :
815 1018 1120 1081 Arnobius
1146 1066 1166 1094 ,
1200 1022 1627 1107 Apollodorus
1652 1070 1672 1101 ,
1698 1024 2059 1089 Macrobius
2086 1072 2106 1101 ‚
2157 1019 2223 1093 ὅ(

469 1104 622 1178 alii,
664 1128 816 1192 quos
857 1115 1222 1175 recentiores
1265 1111 1642 1201 sequuntur,
1695 1120 1798 1205 qui
1838 1118 1913 1182 de
1959 1119 2225 1204 Mytho-

468 1196 688 1285 logicis
731 1218 1012 1266 veterum
1063 1205 1426 1293 amplissima
1480 1215 1922 1281 commentaria
1973 1208 2219 1299 scripse-

468 1306 614 1352 runt
648 1337 669 1365 ,
717 1295 912 1357 Lilius
965 1300 1313 1389 Gregorius
1366 1300 1691 1388 Gyraldus
1741 1305 1854 1387 [4]
1898 1351 1919 1381 ,
1973 1304 2224 1369 Natalis

474 1385 707 1446 Comes
759 1392 864 1468 (5)
897 1435 917 1463 2
972 1394 1334 1458 Vincentius
1373 1398 1693 1460 Cartarius
1740 1405 1893 1480 (6),
1947 1401 2224 1461 Lauren-

470 1474 592 1536 tius
637 1478 963 1566 Pignorius
1002 1488 1106 1562 (7)
1135 1533 1154 1561 ,
1206 1513 1274 1551 ac
1318 1490 1538 1577 reliqui
1589 1512 1851 1567 omnes,
1901 1500 2221 1577 quorum-3

469 1566 794 1650 recitandis
834 1576 1180 1641 nominibus
1207 1625 1226 1654 ,
1278 1580 1394 1644 hoc
1431 1583 1555 1647 loci
1589 1585 1761 1647 nullo
1797 1584 1988 1651 modo
2025 1580 2227 1648 neces-

471 1655 645 1722 sariis
672 1708 693 1735 ,
742 1662 1001 1730 libenter
1041 1668 1307 1735 abstineo
1331 1719 1349 1735 .

657 1761 898 1821 Verum
941 1779 1146 1825 tamen
1184 1762 1309 1849 est„
1349 1767 1684 1856 imagineS,
1726 1792 1878 1857 quas
1911 1768 2225 1835 habebant

469 1863 705 1910 veteres
730 1895 750 1924 ,
798 1852 987 1938 picias
1013 1901 1031 1931 ‚
1084 1879 1457 1922 marmoreas
1482 1905 1503 1934 ,
1552 1883 1730 1923 aereas
1754 1908 1776 1935 2
1807 1862 1959 1927 adeo
1998 1862 2225 1927 fimiles

469 1942 755 2005 virorum
791 1989 812 2017 ‚
877 1941 1398 2037 foeminarumque
1468 1953 1856 2018 lineamentis
1925 1955 2231 2020 omnibus>

468 2030 736 2098 formare
779 2035 1104 2118 studuiffe,
1154 2063 1223 2108 ut
1257 2040 1462 2109 statim
1504 2042 1644 2110 visae
1669 2092 1691 2122 ,
1742 2046 1969 2113 nedum
2008 2048 2226 2113 redde-

469 2144 606 2190 rent
654 2126 1115 2199 fimilitudinem
1157 2138 1322 2213 oris,
1374 2135 1476 2202 sed
1516 2141 1750 2216 etiarn,
1799 2140 1842 2203 fi
1897 2140 2031 2206 fieri
2088 2140 2226 2231 pos-

469 2217 559 2284 set
580 2264 602 2296 ,
639 2224 870 2301 animi,
909 2252 979 2291 ac
1017 2234 1238 2296 mentis
1272 2249 1475 2297 motus
1500 2279 1522 2309 ,
1558 2232 1622 2299 ὃς
1657 2234 2087 2300 inclinationes
2128 2259 2228 2324 pe·

1965 2345 2035 2382 ne
2075 2326 2146 2381 il-

523 2392 586 2442 [1]
616 2394 677 2430 De
698 2394 851 2433 Natura
868 2397 1032 2435 Deorum
1053 2425 1061 2437 .
1083 2399 1227 2438 Verum
1246 2400 1314 2439 etfi

473 2447 700 2485 Pbornutum
720 2449 895 2486 eumdem
925 2451 1155 2502 scriptorem
1172 2477 1186 2495 ‚
1215 2466 1312 2504 pene

470 2512 600 2540 omnes
629 2501 825 2549 appellare
856 2504 1114 2543 consueverint
1143 2521 1156 2551 ;
1187 2519 1312 2547 tamen

473 2567 613 2594 nomen
645 2554 703 2592 illi
734 2559 950 2599 Cornutus,
981 2559 1063 2597 sunt
1082 2560 1149 2610 qui
1166 2559 1309 2600 adseri-¹·

471 2608 572 2646 bunt
589 2634 600 2646 .
633 2609 693 2646 Ita
714 2610 870 2660 quidem
900 2610 1044 2661 Gaspar
1071 2614 1248 2654 Batthius
1265 2614 1311 2653 ad

473 2663 521 2699 P.
553 2661 697 2712 Papinii
731 2663 842 2701 Statii
877 2665 1089 2704 Thebaidos
1111 2690 1123 2703 .
1157 2669 1245 2706 Lib.
1275 2670 1312 2707 Ι.

474 2725 608 2766 nempe
621 2738 631 2749 .
649 2717 781 2755 Tomo
800 2729 814 2754 1
827 2719 857 2755 Ι.
872 2742 885 2759 ,
916 2716 954 2756 in
970 2717 1039 2756 suis
1059 2721 1313 2760 Animadver-

474 2767 642 2809 fionibus
660 2795 672 2808 .
704 2781 793 2820 pag.
819 2782 887 2813 29·
921 2770 1087 2810 indicans
1111 2775 1313 2815 Auctorem

475 2822 741 2873 Etymologici
771 2823 807 2862 in
837 2837 934 2863 voce
965 2825 1085 2866 Ζεύς.
1119 2827 1239 2868 Miror
1258 2841 1316 2868 ta.

476 2887 562 2912 men
584 2876 778 2926 Georgium
795 2880 978 2918 Francum
995 2881 1028 2919 in
1048 2881 1113 2920 suo
1130 2883 1315 2922 Ttaaatu

476 2927 899 2980 Philologico-Medico
915 2936 963 2971 de
980 2936 1154 2974 Carnutis
1168 2959 1183 2975 2
1210 2935 1316 2974 edito

481 2981 744 3034 Heidelbergae
762 3008 772 3019 .
817 2989 929 3024 Anno
946 3012 957 3024 .
993 2999 1044 3027 M.
1068 3000 1147 3029 nc.
1166 2999 1311 3026 Lxxvr.

482 3033 521 3073 in
549 3044 590 3079 4.
625 3034 670 3074 de
701 3038 776 3074 hoc
806 3039 991 3085 Scriptore
1013 3044 1190 3084 vetusto,
1224 3042 1316 3080 nihil

481 3088 642 3126 oxnnino
662 3089 870 3138 produxisse
887 3107 899 3136 ς
930 3105 971 3129 ac
990 3093 1194 3141 praesertim
1210 3120 1221 3132 .
1240 3099 1318 3139 §.8.

481 3151 613 3190 pag.9·
629 3142 693 3179 ubi
712 3142 807 3180 alios
826 3158 899 3182 non
921 3146 1042 3183 nullos
1065 3147 1228 3195 ejusdem
1245 3161 1319 3187 no·

483 3196 722 3236 menclaturae
743 3197 842 3240 viros
860 3198 1030 3239 eruditos
1049 3212 1237 3243 memorat
1254 3225 1267 3242 ·

1435 2404 1501 2454 [z]
1528 2403 1704 2449 Operum
1727 2425 1737 2439 .
1756 2402 1890 2440 Tomo
1911 2404 1972 2441 11.
1992 2403 2099 2444 Edit.
2113 2406 2229 2445 Late.

1381 2456 1442 2495 εἷα
1469 2455 1694 2494 Parisiorum
1713 2483 1724 2495 .
1753 2454 1877 2507 Typis
1906 2458 2064 2509 Regiis.
2095 2459 2131 2497 in
2154 2457 2227 2497 fol.

1382 2513 1500 2551 Anno
1516 2537 1526 2549 .
1549 2520 1602 2547 M.
1621 2520 1701 2548 nc.
1722 2519 1867 2546 xx1v.
1883 2510 1983 2549 Vide
2004 2524 2090 2562 pag.
2110 2516 2203 2558 381.

1435 2563 1519 2612 [3]
1564 2564 1797 2601 Fabularum
1823 2562 1935 2602 Liber
1964 2587 1975 2598 .
2018 2563 2226 2616 Lugduni.

1383 2626 1437 2654 M.
1460 2626 1539 2653 nc.
1559 2629 1631 2654 v11
1648 2628 1679 2654 r.
1697 2616 1734 2653 in
1755 2619 1793 2653 8.
1814 2618 1934 2655 Porro
1957 2619 2075 2666 Caius
2097 2618 2225 2672 Julius

1381 2669 1562 2720 Hyginus
1582 2669 1805 2709 Fabularum
1824 2670 1995 2721 Scriptor
2013 2697 2027 2714 ,
2057 2672 2154 2710 alius
2173 2674 2228 2713 est

1380 2722 1428 2761 ab
1457 2721 1624 2772 'Hygino
1658 2724 1807 2761 auctore
1833 2723 1935 2762 Libri
1969 2724 2190 2763 Gromatiei
2213 2748 2229 2763 0

1381 2776 1528 2815 Primus
1545 2777 1642 2815 vixit
1659 2789 1741 2814 aevo
1762 2777 1919 2826 Augusti
1937 2777 2099 2816 Caesaris
2115 2803 2126 2815 .
2157 2778 2227 2822 Al.

1382 2841 1440 2868 ter
1459 2829 1669 2878 imperante
1684 2830 1858 2876 Traiano
1873 2855 1887 2871 ‚
1914 2840 1953 2866 ut
1977 2830 2136 2869 adnotat
2157 2833 2229 2869 Fa·

1381 2881 1527 2921 brettus
1546 2881 2070 2933 lnftriptstntiquarCapw.
2091 2893 2227 2934 p.355·

1430 2936 1493 2982 [4]
1524 2935 1692 2973 Hirro-tia
1715 2937 1879 2975 Deorum
1900 2935 2108 2975 Gentilium
2126 2963 2137 2976 .

1435 2989 1495 3036 [5]
1542 2987 1781 3039 Mythologt'ae
1805 3015 1817 3031 ‚
1857 2989 1934 3040 (ive
1965 2988 2230 3042 explicationi!

1383 3041 1616 3080 Fabularum
1632 3042 1733 3079 Libri
1756 3045 1882 3081 decem
1900 3066 1911 3078 .

1440 3098 1504 3141 (6)
1538 3095 1850 3145 Immaginidegli
1870 3094 1945 3133 Dei
1959 3094 2232 3146 degliAntt'cht‘·

1440 3148 1503 3196 [7]
1538 3148 1798 3187 Annomzioni
1827 3148 1869 3186 di
1901 3150 2073 3189 Lot-enm
2104 3148 2237 3199 Pigno-

1386 3198 1445 3240 ria
1464 3203 1503 3248 ab
1518 3202 1625 3244 Libro
1645 3201 1957 3253 delleimmagini
1975 3203 2040 3243 del
2051 3201 2203 3254 §artari
2219 3221 2236 3250 ρ
