2550 3898
578 471 665 530 ‘14
949 453 1734 518 DESCRIPTIO

479 542 644 629 piam
707 539 930 608 eximio
969 591 989 619 ‚
1047 543 1413 634 eruditoque
1475 541 1829 611 exornando
1887 540 2076 634 usque
2136 544 2212 612 aci

477 635 633 699 hanc
672 633 839 701 diem
879 636 1305 726 adaptaverint
1330 685 1346 702 .

666 732 862 795 Porro
897 750 1129 797 veteres
1166 728 1392 796 finxisse
1432 734 1787 797 Minervam
1824 737 2024 797 Deam
2069 755 2214 821 prae-

474 816 670 887 fidem
705 826 1093 914 ingeniorum
1121 870 1140 900 ,
1177 848 1360 889 nemo
1394 825 1501 890 etfi
1539 828 1855 889 literarum
1898 828 2073 914 plane
2110 850 2213 890 ru-

474 910 611 990 dis,
658 915 972 1005 perspicue
1013 941 1132 981 non
1177 921 1351 981 novit
1378 964 1395 982 .
1448 918 1643 1005 Quod
1694 938 1901 984 autem
1946 917 1976 981 ὲ
2019 921 2207 1008 Jovis

475 1009 701 1070 vertice
742 1011 1050 1099 originem
1100 1009 1389 1087 duxerit,
1441 1013 1736 1077 Divinam
1794 1011 1904 1076 esse
1959 1015 2205 1101 Sapien-

472 1101 622 1163 tiam
661 1148 680 1175 ,
731 1100 793 1168 ὅ(
841 1101 1026 1189 ipsam
1070 1109 1186 1168 Dei
1231 1128 1450 1169 munus
1495 1101 1604 1169 esse
1642 1152 1663 1181 ‚
1734 1106 1966 1169 arcanis
2006 1104 2206 1169 modis

470 1190 807 1283 fignificare
841 1194 1243 1275 studuerunt3
1297 1195 1751 1287 Philosophicas
1775 1244 1794 1273 ,
1835 1220 1903 1260 ac
1937 1198 2205 1263 Theolo-

469 1289 636 1375 gicas
672 1311 879 1352 omnes
931 1294 1205 1355 notiones
1243 1293 1539 1379 praeclaris
1584 1287 1741 1353 hisce
1782 1293 2089 1366 inventiS,
2133 1315 2202 1355 ac

467 1379 778 1465 mysteriis
821 1381 1223 1448 describentes
1259 1390 1405 1466 (1).
1460 1384 1628 1449 Illud
1672 1403 2039 1471 acceperunt
2079 1389 2205 1448 Ro-

464 1475 632 1536 mani
670 1501 703 1538 a
748 1480 980 1540 Graecis
1012 1524 1031 1551 ,
1082 1480 1154 1542 ab
1180 1477 1448 1544 Etruscis
1476 1525 1494 1552 ,
1542 1478 1615 1541 ab
1638 1478 1954 1569 AEgyptiis
1982 1524 2004 1553 ‚
2050 1475 2205 1542 aliis-

465 1586 580 1650 que
619 1568 940 1656 gentibus;
990 1567 1053 1633 ὃ(
1093 1569 1331 1635 servare
1384 1569 1656 1635 solebant
1696 1594 1815 1633 non
1857 1589 2099 1634 tantum
2142 1573 2201 1634 in

463 1658 679 1722 ritibus
721 1657 1157 1724 sacrificiorum
1185 1709 1205 1736 ,
1255 1664 1587 1748 ceterisque
1622 1664 1798 1727 rebus
1835 1663 1912 1726 ad
1956 1664 2203 1752 religio·-

462 1774 599 1813 nem
636 1800 655 1826 ,
720 1750 843 1816 five
890 1754 1095 1840 potius
1139 1751 1618 1841 superstitionem
1673 1753 2198 1830 conservandam,
2277 1751 2282 1756 ⁸

461 1839 564 1906 sed
598 1845 659 1906 in
695 1846 966 1934 gerendo
1001 1869 1242 1932 quoque
1280 1852 1445 1909 omni
1487 1846 1860 1933 Reipublicae
1896 1849 2196 1935 negoci03

457 1936 546 2000 ita
580 1956 647 2002 ut
678 1938 848 2002 aliud
884 1962 943 2001 re
986 1961 1126 2002 vera
1166 1938 1346 2014 effer,
1391 1939 1558 2002 aliud
1596 1960 1796 2001 tamen
1834 1946 2067 2026 populo
2108 1942 2200 2006 vi-

459 2028 750 2095 deretur.
803 2033 1012 2116 Qare
1068 2039 1092 2114 (
1129 2034 1305 2097 liceat
1346 2033 1514 2095 nobis
1560 2030 1621 2096 8(
1676 2034 1787 2094 hoc
1838 2033 2196 2113 adjicere),

456 2145 641 2212 poena
677 2148 794 2187 non
839 2124 1023 2188 semel
1068 2126 1345 2189 mulciati
1390 2123 1524 2188 sunt
1562 2126 1905 2213 proditores
1947 2150 2198 2191 arcano·-

457 2226 597 2280 rum
622 2264 640 2292 ,
697 2216 794 2281 sed
830 2213 953 2281 sola
989 2240 1227 2305 quoque
1263 2220 1623 2307 proditionis
1662 2217 1996 2305 suspicione
2032 2218 2194 2285 casti-

453 2311 629 2400 gati.
684 2317 776 2375 De
824 2311 912 2372 his
962 2307 1106 2397 saepe
1161 2314 1374 2376 Livius
1411 2311 1698 2376 Historiae
1740 2315 2034 2374 Romana?
2087 2336 2192 2401 pa-

456 2426 588 2465 rens
624 2451 643 2479 ,
697 2405 1021 2469 Cornelius
1090 2407 1343 2469 Tacitus
1385 2450 1403 2477 ,
1455 2403 1517 2468 ὅ(
1572 2409 1841 2494 plerique
1901 2406 2059 2480 alii3
2121 2431 2192 2470 ac

457 2499 641 2561 etiarn
686 2499 867 2561 multi
908 2498 1109 2560 Sancti
1154 2502 1400 2574 Patres,
1452 2499 1555 2584 qui
1596 2499 1671 2562 de
1710 2494 1886 2560 sacris
1926 2519 2189 2586 pagano-

458 2616 596 2672 rum
638 2594 865 2653 arcanis
907 2590 1320 2674 improbandis
1347 2639 1367 2667 ,
1421 2615 1532 2680 pro
1575 2588 1884 2656 occasione
1928 2592 2190 2656 luculen-

455 2702 549 2748 ter
586 2680 944 2747 disseruere.
994 2685 1115 2753 sed
1150 2712 1181 2747 a
1222 2683 1529 2772 proposita
1569 2688 1868 2749 Minervae
1908 2685 2191 2750 nativita-

453 2796 513 2840 te
552 2780 796 2866 longius
842 2800 960 2838 non
1002 2777 1429 2841 divertendum
1456 2826 1468 2840 .

639 2872 847 2962 Igitur
876 2871 1030 2960 Jovi
1071 2872 1230 2937 hunc
1265 2891 1510 2961 parturn
1553 2868 1754 2935 edenti
1794 2867 2183 2939 obstetricem

1899 2961 1955 3026 se
1996 2983 2095 3054 ge·

507 3093 564 3141 [1]
596 3086 790 3125 videndus
813 3089 976 3128 Lasfrtus
994 3091 1183 3141 Diogenes
1200 3116 1213 3133 ‚
1233 3094 1279 3128 de
1347 3107 1407 3131 nes
1422 3092 1586 3131 'rhomae
1606 3087 1879 3130 Aldobrandini
1902 3114 1914 3130 ,
1932 3084 2184 3125 casauboni>

462 3141 1179 3195 VitiiDogmatis.w,·ip0pz=1hegn,aaei1
1197 3153 1277 3183 εξνε.
1346 3150 1381 3184 &
1420 3145 1553 3195 nigidii
1587 3145 1748 3190 Menagiz
1768 3172 1778 3183 .
1811 3143 1914 3180 Edit.
1949 3141 2175 3179 Gran-Lat.

455 3202 491 3237 in
509 3195 720 3236 Frooemio.
738 3195 835 3233 Item
852 3209 965 3240 ηοω,
982 3199 1016 3236 ὅ(
1036 3198 1274 3238 observatio.
1345 3198 1510 3240 Londini
1530 3198 1565 3236 in
1586 3198 1654 3237 fol.
1677 3206 1844 3236 MDch
1861 3208 1870 3233 ι
1886 3206 1931 3232 v·
