2550 3898
787 290 839 358 Ἀ
893 302 946 360 U
995 295 1041 358 'e
1080 298 1130 359 T
1174 301 1225 357 o
1271 303 1325 356 R
1376 303 1401 357 1
1450 300 1482 355 s·
2014 309 2093 363 ix

166 409 313 454 cere
343 383 575 477 poffint
603 436 616 451 .
669 388 940 480 Aliquid
993 410 1210 455 autem
1266 388 1557 455 occurrit
1609 384 1672 449 in
1713 387 1839 452 hoc
1885 392 2105 466 vitro2

167 477 339 565 quod
391 480 635 543 excitet
679 478 1228 545 admirationem:
1283 481 1529 543 etenim
1560 477 1944 544 Sancsiorum
1994 506 2107 544 no‹

161 572 343 632 mina
368 611 388 639 ,
437 591 565 632 non
590 571 762 633 intra
791 565 1073 656 spatium
1101 566 1606 653 uniuscujusque
1647 566 1916 653 depietae
1944 573 2105 634 ima-e

157 658 332 742 ginis
384 657 532 723 sunt
583 657 955 744 descripta,
1006 653 1165 728 sed,
1219 658 1388 748 quod
1427 655 1546 723 effe
1601 682 1846 723 novum
1899 679 2102 749 pum,

154 747 330 812 circa
380 751 584 812 lineas
613 790 633 818 ,
681 758 811 833 quae
833 748 1042 836 spatia
1091 745 1545 838 distinguunt3
1592 770 1664 814 ut
1714 774 1841 815 non
1887 755 1981 834 ita
2005 747 2100 813 fa-

152 836 278 900 cile
325 838 566 903 dixeris
610 886 625 900 .
708 839 838 903 Hic
888 856 1377 905 TIMOTHEUS
1430 838 1517 905 est
1566 883 1586 910 ‚
1658 840 1769 905 ille
1821 860 2099 912 Hippe-

157 947 409 997 LYTUS
441 978 455 992 .
508 932 707 994 Certe
758 925 1114 990 dimidium
1150 931 1430 995 nominis
1480 947 1720 996 IPPOL
1763 927 1942 1009 (fine
1999 932 2101 998 ad·-

151 1012 510 1102 spiratione
540 1021 717 1079 enim
745 1016 866 1081 hoc
887 1040 1125 1079 nomen
1150 1013 1551 1107 descriptum
1577 1020 1705 1103 est)
1734 1065 1754 1093 ‚
1808 1018 1997 1110 supra
2026 1027 2102 1087 li-

153 1126 348 1170 neam
397 1108 679 1195 legimus
729 1148 749 1178 ³
799 1106 911 1171 ubi
964 1128 1092 1167 una
1145 1109 1362 1193 imago
1410 1107 1542 1185 est3
1593 1132 1778 1175 ITUS
1811 1153 1831 1180 ‚
1881 1112 2098 1188 infra,

148 1191 263 1259 ubi·
318 1199 446 1264 alia
491 1194 782 1285 sequitur
824 1200 1044 1284 imago
1093 1237 1113 1267 ,
1187 1201 1366 1278 cujus
1425 1196 1501 1261 ad
1564 1198 1875 1264 sinistram
1930 1202 2098 1291 legis

153 1303 372 1351 TIMO
414 1333 435 1360 ‚
483 1290 548 1353 ὃς
593 1284 730 1374 post
775 1289 1019 1351 lineam
1075 1290 1394 1359 alteram,
1447 1289 1682 1354 eodem
1734 1293 1959 1356 ordine
1986 1294 2100 1363 ubi

155 1379 286 1442 alia
318 1378 521 1444 exstat
567 1381 788 1466 imago
815 1421 836 1449 ,
882 1393 971 1436 TE
1002 1393 1085 1436 US
1131 1422 1152 1450 ‚
1202 1379 1266 1442 ἃ
1293 1374 1374 1442 fic
1414 1377 1493 1444 de
1525 1378 1792 1469 singulis
1821 1382 1981 1447 iicet
2008 1410 2100 1448 ar=

135 1479 347 1555 ‘gnere
374 1513 394 1541 ,
451 1493 584 1557 quae
615 1470 892 1557 amplius
949 1494 1076 1535 non
1103 1465 1381 1534 existunt
1411 1518 1423 1532 .
1485 1474 1551 1534 Si
1580 1470 1756 1537 secus
1809 1474 2046 1561 legeris
2071 1523 2095 1551 ,

143 1559 374 1623 literas
405 1559 723 1625 videlicet
753 1603 774 1630 ,
822 1560 954 1648 quae
982 1563 1309 1647 utrimque
1337 1557 1483 1625 sunt
1506 1566 1678 1626 circa
1702 1587 1900 1627 unam
1930 1567 2093 1630 ima-

145 1651 372 1737 ginem
400 1651 591 1713 lineis
618 1647 1166 1735 comprehensam
1195 1692 1214 1719 ‚
1242 1671 1488 1712 nomen
1516 1656 1799 1739 emergit
1848 1669 1882 1712 T
1905 1669 1925 1712 Ι
1946 1672 1991 1717 Μ
2017 1674 2094 1717 O..

145 1757 169 1802 1
190 1760 225 1804 T
246 1762 328 1805 US
355 1790 368 1804 .
423 1743 653 1827 Itaque
678 1742 859 1826 prior
888 1741 948 1804 le
964 1740 1091 1804 &io
1118 1782 1139 1810 ,
1169 1762 1361 1830 quam
1395 1739 1871 1829 proposuimus,
1892 1753 2099 1815 omni-

145 1853 229 1896 no
252 1830 589 1920 probanda
611 1833 875 1896 videtur
904 1879 917 1893 .

326 1923 584 1986 Natalis
614 1920 748 1984 dies
782 1919 985 1984 saneti
1032 1938 1067 1981 T
1092 1936 1179 1982 ΙΜ
1203 1939 1246 1983 o
1269 1939 1461 1985 THEI
1492 1966 1513 1994 ,
1544 1927 1651 2011 qui
1679 1924 1879 1990 saneti
1906 1930 2092 1995 Paui-

142 2014 193 2075 li
215 2013 514 2101 Apostoli
562 2009 692 2076 fuit
741 2008 1094 2099 discipulus
1127 2053 1147 2082 ,
1200 2012 1268 2072 in
1322 2016 1811 2102 Martyroiogio
1860 2023 2095 2087 Roma..

139 2127 224 2169 no
251 2101 628 2168 recensetur
683 2101 760 2166 ad
806 2101 982 2166 diem
1007 2118 1066 2161 XI
1091 2101 1226 2169 kal.
1266 2102 1652 2183 Februarii3
1699 2105 1955 2195 ejusque
1994 2139 2093 2180 re-

142 2194 500 2281 liquiarum
550 2194 1001 2260 translationis
1039 2197 1407 2266 memoria,
1465 2198 1542 2262 ad
1591 2199 1767 2263 diem
1812 2211 1933 2265 VH.
1985 2209 2092 2271 Ei-

141 2281 256 2347 dus
284 2286 452 2347 Maii
482 2331 497 2344 .

321 2392 873 2440 HIPPOLYTUM
928 2419 949 2448 ,
997 2377 1225 2445 volens
1283 2375 1642 2464 lubensque
1691 2380 2090 2450 crediderim

133 2466 280 2529 heic
331 2466 626 2532 exhiberi
681 2488 809 2529 non
859 2468 1055 2531 alium
1103 2492 1181 2532 ex
1230 2468 1454 2530 multis
1504 2510 1524 2538 ‚
1571 2471 1678 2556 qui
1727 2493 2081 2539 occurrunt

135 2553 431 2636 ejusdem
460 2557 740 2621 nominis
772 2600 792 2626 ,
843 2555 961 2620 nifi
1001 2562 1378 2647 Martyrem
1404 2601 1425 2628 ,
1478 2582 1671 2647 quem
1698 2562 2089 2631 Prudentius

132 2646 305 2711 libro
334 2649 411 2712 de
446 2648 723 2712 Coronis
753 2691 773 2718 ,
821 2651 1096 2734 Hymno
1149 2649 1517 2713 celebravit
1544 2656 1644 2727 (Ι)
1677 2693 1696 2719 ,
1745 2654 1809 2717 ἃ
1849 2658 1956 2741 qui
2011 2655 2088 2720 ad

135 2734 320 2803 Ostia
343 2739 682 2825 Tyberina
723 2738 944 2827 ligatis
974 2738 1248 2825 pedibus
1281 2740 1358 2803 ad
1387 2741 1558 2803 colia
1615 2741 2088 2809 indomitorum

136 2849 454 2915 equorum
485 2852 595 2916 per
620 2828 994 2900 tribu1032&
1019 2834 1404 2895 carduetum
1435 2829 1785 2896 crudeliter
1818 2836 2088 2906 traetus,

129 2918 587 2985 totolacerato
640 2944 909 3009 corpore
961 2920 1208 2986 eidibus
1262 2918 1583 3009 Angusti,
1628 2942 1700 2986 ut
1753 2927 1819 2987 in
1849 2932 2083 2990 eodem

1909 3020 2083 3080 Mar-

188 3150 247 3189 (ι)
275 3150 642 3188 ΠΕΡΙΣΪΕΦΑΝΟΝ
661 3170 669 3198 2
697 3152 832 3198 Hymno
849 3161 907 3190 xz.
924 3145 1031 3201 Puffio
1045 3151 1315 3188 HIPPOLYI'I
1324 3149 1501 3201 Martyris
1517 3148 1569 3186 ad
1582 3149 1805 3190 Valerianum
1821 3152 2028 3203 ,Episcqbumi
