2550 3898
368 316 441 360 66
969 317 1690 359 DISSERTATIO

357 383 597 437 libenter
619 380 970 438 adscriberem
1014 381 1158 437 hunc
1186 379 1407 436 titulum
1430 417 1444 439 ‚
1489 397 1648 453 quem
1671 397 1736 433 ex
1769 373 1923 431 sacris
1947 379 2278 433 coemeteriis

357 461 601 535 vulgavit
642 463 927 515 Severanus
975 464 1052 529 (1)
1095 499 1108 518 ,
1151 459 1437 517 exstantem
1479 456 1544 510 ad
1583 452 1747 512 sancti
1795 473 2089 510 LAVRENTH
2140 460 2291 513 extra

361 559 545 596 muros
571 540 736 596 Urbis
760 540 815 591 in
836 557 967 610 agro
991 541 1207 593 Verano
1227 581 1238 594 .

1222 658 1256 693 A
1308 635 1374 712 μβ
1420 662 1456 691 ω

699 737 912 772 SANCTo
956 737 1210 773 MARTVRI
1255 735 1571 772 LAVRENrto

700 816 851 851 1vL1A
900 792 1081 852 ΕΧιΒιτ
1122 815 1211 850 111.
1256 814 1382 849 ΚΑΒ.
1430 814 1552 850 οετ.
1599 813 1720 850 DEP.
1766 811 1892 848 KAL.
1937 811 1984 846 ss

519 897 687 953 Plane
731 893 1184 966 quemadmodum
1211 911 1475 948 svccessA
1499 934 1512 953 ‚
1556 896 1763 948 meritis
1801 889 2032 963 ejusdem
2066 909 2292 948 cHRrsTI

366 979 625 1049 Martyris
645 1012 657 1031 ‚
686 972 852 1024 vitam
878 968 1230 1044 temporalem
1255 1009 1265 1025 ‚
1291 969 1375 1025 vel
1401 985 1649 1026 aeternam
1673 1012 1685 1030 ‚
1733 987 1826 1026 aut
1848 969 2075 1044 aliquod
2100 970 2247 1024 aliud
2273 987 2304 1022 a

367 1075 481 1111 DEo
508 1047 831 1108 beneficium
852 1047 1305 1122 consequuturam
1336 1045 1382 1104 se
1405 1047 1644 1124 sperabat
1665 1092 1677 1110 ‚
1723 1053 1797 1104 ita
1817 1067 1971 1102 1vtiA
1993 1050 2165 1103 eidem
2194 1044 2307 1100 san-

369 1136 464 1188 cto
483 1146 800 1188 LAvnmrio
827 1123 875 1180 se
897 1127 1160 1182 devovere
1185 1166 1200 1187 ,
1244 1128 1301 1180 ὃ(
1321 1129 1696 1184 commendare
1736 1129 1951 1183 videtur
1971 1148 1984 1188 ;
2028 1124 2112 1182 sed
2131 1125 2195 1180 de
2215 1143 2306 1179 ea-

368 1212 491 1267 dem
511 1209 610 1265 hac
641 1204 993 1279 inscriptione
1015 1205 1204 1278 paullo
1227 1205 1344 1280 post
1363 1211 1531 1281 magis
1559 1223 1873 1282 opportune
1897 1250 1908 1261 .

528 1291 591 1343 In
627 1286 792 1341 altera
813 1281 1162 1338 Numismatis
1183 1325 1195 1345 ‚
1220 1281 1319 1339 five
1339 1285 1587 1340 rotundae
1608 1285 1819 1341 laminae
1842 1284 2109 1361 plumbeae
2151 1294 2302 1358 parte

374 1367 623 1423 caelatum
669 1363 739 1417 est
763 1361 949 1416 Altare
984 1402 997 1420 ,
1045 1377 1284 1435 quatuor
1324 1362 1593 1418 columnis
1639 1365 1936 1423 teretibus,
1981 1378 2303 1436 unaquaque

373 1442 532 1519 super
568 1441 833 1516 stylobate
870 1439 1164 1493 constituta
1205 1456 1497 1501 ornatum;
1541 1444 1630 1495 cui
1665 1443 1731 1496 ab
1753 1439 2122 1496 Ecclesiasticis
2162 1439 2305 1492 Scri-

369 1522 627 1596 ptoribus
667 1518 959 1588 Confeffionis
1012 1518 1381 1590 appellatione
1434 1518 1713 1574 multoties
1769 1516 2042 1592 designato
2079 1558 2091 1574 ,
2157 1531 2316 1569 tran-

367 1596 529 1653 senna
547 1594 756 1651 vetusto
793 1595 905 1647 ritu
938 1597 1312 1667 praeponitur.
1357 1596 1601 1648 Pendent
1637 1598 1704 1648 ab
1741 1597 1987 1668 epistiliis
2025 1594 2316 1648 columna·-

370 1695 488 1730 rum
512 1677 567 1727 in
590 1674 717 1730 duas
741 1669 974 1744 aequales
1015 1686 1190 1743 partes
1218 1670 1337 1726 vela
1378 1669 1579 1725 sinuata
1603 1710 1615 1728 ‚
1660 1692 1781 1746 quae
1803 1672 2026 1745 alligata
2056 1669 2175 1726 sunt
2219 1689 2319 1723 zo-

373 1752 558 1831 phoro
579 1748 776 1805 eisdem
812 1747 1057 1822 epistiliis
1100 1750 1294 1805 innixo
1318 1790 1331 1809 ,
1375 1749 1605 1823 &quod
1649 1750 1922 1825 reliquum
1955 1748 2028 1803 est
2063 1748 2264 1825 pendet
2289 1765 2319 1799 a

374 1832 669 1885 medietate
705 1826 941 1901 zophori
979 1866 993 1885 ,
1056 1823 1143 1881 seu
1181 1830 1463 1882 coronidis
1505 1827 1665 1904 super
1724 1826 2066 1884 transennam
2109 1823 2317 1900 ipsam:

373 1910 654 1981 utrimque
679 1907 819 1959 inter
842 1905 1023 1960 eadem
1045 1904 1165 1959 vela
1185 1906 1478 1979 pendentia
1496 1907 1553 1959 ὃς
1578 1906 1885 1981 zophorum
1907 1946 1918 1963 ‚
1967 1925 2076 1979 qua
2107 1903 2319 1958 scilicet

374 1987 496 2043 vela
514 1984 822 2043 sinuantur,
867 1982 935 2036 ad
960 1983 1266 2056 augendum
1287 1981 1630 2056 splendorem
1656 2000 1908 2039 ornatum
1939 1985 1998 2038 &
2027 1982 2188 2037 decus
2222 1980 2324 2036 Al-

380 2066 512 2119 taris.
539 2104 551 2124 ,
594 2064 705 2117 duo
733 2060 967 2115 rosarum
1006 2058 1166 2116 flores
1191 2058 1497 2135 speetantur
1518 2100 1534 2122 ,
1577 2062 1635 2115 &
1668 2060 1822 2137 supra
1855 2062 2178 2117 coronidem
2208 2060 2320 2114 duo

378 2160 531 2195 arcus
551 2142 716 2195 erecti
739 2137 782 2192 se
819 2141 1054 2194 invicem
1094 2137 1416 2194 intersecant
1440 2181 1451 2193 .
1498 2139 1735 2194 Accedit
1752 2141 1819 2195 ad
1842 2141 2030 2195 Altare
2055 2138 2318 2213 palliatus

379 2220 462 2273 vir
487 2258 498 2275 ,
542 2220 639 2292 qui
660 2234 868 2271 ceream
904 2214 1074 2272 facem
1099 2215 1372 2271 accensam
1392 2215 1612 2290 praefert
1631 2219 1749 2272 voti
1772 2216 1944 2272 caussa
1965 2257 1978 2276 ,
2022 2218 2176 2290 pium
2200 2213 2324 2268 san-

384 2298 481 2349 cto
506 2296 734 2370 Martyri
756 2295 963 2348 donum
1005 2295 1288 2350 oblaturus
1314 2334 1329 2357 ‚
1372 2295 1663 2369 eademque
1702 2294 1998 2371 epigraphe
2037 2294 2239 2368 legitur
2259 2294 2318 2348 in

386 2370 689 2428 summitate
712 2392 728 2426 1v
769 2390 1022 2426 svccESSA
1048 2390 1202 2426 v1vns
1227 2414 1239 2426 .

539 2453 671 2505 Non
693 2470 800 2504 una
818 2448 892 2505 est
908 2449 1078 2505 caussa
1097 2489 1110 2509 ‚
1153 2470 1274 2523 quae
1299 2455 1525 2523 majores
1551 2451 1760 2508 nostros
1789 2453 2023 2508 moverit
2041 2451 2106 2506 acl
2127 2454 2318 2526 impo-

388 2530 617 2586 nendam
639 2526 943 2599 hujusmodi
969 2528 1247 2584 Altaribus
1276 2569 1289 2588 ,
1334 2528 1491 2607 supra
1525 2530 1827 2586 sanctorum
1853 2532 2155 2606 Martyrum
2193 2548 2328 2583 cor·

388 2628 530 2684 pora
560 2610 811 2662 excitatis
837 2646 852 2664 ‚
893 2609 1182 2680 Confeffionis
1207 2608 1428 2664 titulum
1452 2653 1463 2664 .
1509 2612 1693 2664 Primo
1731 2606 1992 2683 fiquidem
2015 2627 2130 2662 aevo
2159 2605 2325 2660 Chri-

386 2688 559 2742 stianae
600 2684 880 2759 religionis
909 2726 921 2744 ‚
969 2687 1220 2761 Martyres
1263 2705 1416 2760 aeque
1449 2706 1510 2741 ac
1544 2689 1815 2759 Confi’ffores
1853 2683 2277 2759 appellabantur
2309 2723 2326 2745 ‚

388 2767 486 2840 qui
526 2784 630 2838 pro
666 2782 885 2818 cuium
922 2760 1026 2818 fide
1069 2778 1339 2818 tormenta
1373 2765 1432 2817 ὃ(
1467 2778 1700 2819 mortem
1745 2761 1965 2818 fortiter
1999 2760 2276 2818 subierant
2306 2807 2320 2819 .

394 2845 621 2915 Confhffor
641 2844 825 2917 itaque·
843 2844 905 2896 &
929 2843 1170 2919 Mamm,
1212 2855 1273 2895 ut
1294 2843 1351 2896 in
1375 2842 1608 2897 Historia
1625 2840 1931 2897 sanctorum
1952 2835 2153 2915 septem
2176 2844 2321 2895 Dor-

401 2922 688 2976 mientium
726 2921 957 2978 diximus
987 2927 1066 2992 (2)
1099 2961 1116 2984 ‚
1157 2921 1277 2976 idem
1299 2922 1570 2998 fignificare
1606 2923 1880 2981 videntur,
1906 2922 1957 2992 st
1993 2920 2155 2998 §reeca
2183 2926 2326 2974 unius·

448 3083 505 3116 (ἱ)
535 3081 642 3112 Roma
670 3081 898 3116 Sotterranea
923 3082 1002 3115 Lib.
1019 3094 1031 3116 ι
1046 3084 1098 3116 11.
1123 3083 1206 3123 Cap.
1219 3090 1308 3114 xtra
1386 3082 1569 3114 Romanum
1584 3092 1600 3114 a
1616 3085 1698 3114 Ven.
1713 3080 1858 3113 Batonio
1876 3079 2007 3114 editum
2021 3078 2062 3112 ad
2080 3078 2169 3112 diem
2189 3079 2241 3110 11.
2265 3079 2322 3119 Ja-

402 3140 479 3174 ρᾶς.
501 3142 579 3169 394.
598 3131 663 3162 Hic
693 3132 740 3163 cl·
757 3133 822 3163 vir.
838 3144 871 3164 A.
888 3133 971 3166 Bofii
988 3139 1079 3178 Opus
1098 3135 1219 3165 iteruin
1248 3131 1322 3164 edi·
1399 3133 1510 3164 nuarii
1535 3133 1590 3164 lit.
1606 3132 1641 3163 h.
1671 3132 1725 3165 ubi
1758 3133 1800 3166 dc
1827 3133 1929 3164 titulo
1958 3127 2188 3175 Confiffbrum
2216 3148 2226 3164 2
2260 3138 2323 3170 Pro

403 3181 451 3213 :lit
467 3202 475 3214 ‚
509 3182 663 3222 auxitque
681 3183 745 3223 pluf
758 3181 829 3215 ibus
846 3184 944 3216 sacris
960 3183 1180 3217 monimentis
1194 3203 1205 3213 .
1401 3193 1585 3226 temporum
1616 3185 1748 3217 ratione
1774 3182 1998 3220 divetfiinode
2013 3181 2170 3228 usurpato
2183 3202 2196 3219 ι
2226 3178 2321 3226 Plini

453 3232 515 3271 ξε]
546 3235 630 3275 Cap«.
646 3244 680 3266 κ,
694 3244 769 3278 pag.
788 3244 803 3264 2
815 3245 849 3275 5.
878 3236 1019 3268 Consule
1035 3235 1321 3278 martyrologium
1403 3235 1539 3269 etudite
1560 3234 1690 3281 digeffit
1705 3257 1715 3268 0
