2550 3898
784 320 815 354 p
856 315 938 354 111
975 319 1005 355 L
1048 317 1083 354 o
1128 318 1236 355 1.<)
1277 317 1309 353 o
1344 315 1365 350 1
1402 315 1433 349 c
1477 315 1510 349 A
2055 317 2121 364 71

204 378 443 451 Paganus
482 374 677 450 aliquis
714 376 881 434 homo
929 379 993 433 ad
1038 376 1392 433 Christianam
1434 372 1754 446 religionem
1801 372 2087 430 conversus
2116 417 2127 429 .

366 455 673 511 Luminaria
693 456 981 532 cereosque
1005 495 1018 515 ‚
1040 456 1223 511 multis
1246 448 1618 529 praeclarisque
1645 447 1961 505 testimoniis
1987 455 2134 508 evin-

206 533 377 589 citur,
429 533 850 607 inquitJoannes
880 534 1175 609 Stephanus
1197 532 1493 587 Durantius
1518 536 1610 596 [1]
1637 570 1649 588 ‚
1697 529 1865 583 nedum
1906 531 2090 602 vesperi
2115 569 2130 590 ‚

203 612 290 682 sed
313 612 563 671 &lucente
583 616 686 668 Sole
720 621 768 668 in
796 615 1005 680 Ecclefiis
1027 614 1213 666 accendi
1248 611 1512 681 confitetum
1533 647 1548 668 ,
1583 609 1643 661 ab
1666 609 1755 679 ipfh
1790 608 2015 679 nascentis
2040 608 2130 660 Ec-

206 688 341 756 clafiae
365 695 503 744 initio
529 711 539 745 ε
583 692 788 766 quippe
810 692 950 746 cerei
984 688 1107 743 luce
1131 708 1230 743 nos
1255 686 1561 742 instruimur
1584 704 1651 741 ex
1672 682 1931 739 sententia
1964 685 2138 739 maxi-

206 767 282 818 mi
325 765 566 822 Ecclesiae
616 770 875 824 Doctoris
922 765 1086 821 sancti
1128 767 1447 838 Hieronymi
1475 770 1569 833 [2]
1600 802 1613 821 ,
1653 780 1706 819 ut
1740 762 1921 837 accensi>
1962 764 2138 818 lumine

196 843 595 920 sponstspeHetur
636 849 909 901 adventus.
954 844 1189 900 Proinde
1213 840 1541 899 Ceroferarii
1578 839 1926 896 ministerium
1949 860 2014 895 eo
2051 859 2138 894 re-

211 919 415 995 spicere
440 922 599 980 facile
624 924 759 979 mihi
796 921 1087 1000 persuadeo
1112 963 1124 984 ,
1169 942 1339 998 quum
1363 940 1554 977 munus
1593 920 1740 975 illius
1769 915 1830 975 sit
1851 919 2014 974 cereis
2049 936 2139 972 ac-

212 997 378 1055 censis
423 1002 618 1059 adstare
647 1043 659 1062 ,
704 1006 889 1077 quando
932 1003 1249 1077 Evangelimn
1291 1001 1535 1075 legendam
1574 1001 1634 1069 cst
1674 1041 1685 1053 .
1735 1015 1822 1052 aut
1851 999 2139 1070 fiterificium

212 1080 506 1149 offerendum
532 1121 543 1138 ‚
588 1096 650 1136 ut
670 1079 855 1137 scribit
875 1078 1080 1136 sanctus
1102 1077 1329 1134 Isidorus
1349 1073 1665 1151 Hispalensis
1689 1071 1982 1149 Episcopus
2009 1080 2101 1142 [3]
2125 1093 2137 1128 :

211 1158 308 1230 qui
334 1153 513 1212 subdit
539 1161 698 1215 etiam
721 1199 735 1217 ‚
778 1180 862 1214 non
890 1161 952 1213 ad
981 1159 1234 1233 fitgandas
1255 1156 1468 1210 tenebras
1487 1154 1772 1211 luminaria
1811 1152 2035 1205 accendi
2057 1149 2143 1204 so-

210 1234 321 1300 lere
343 1276 354 1294 ‚
399 1237 514 1291 dum
543 1240 620 1293 Sol
659 1240 812 1293 eodem
850 1255 1051 1311 tempore
1077 1238 1292 1293 rutilat,
1316 1235 1400 1308 fi’d
1430 1234 1492 1287 ad
1515 1235 1709 1307 signum
1745 1230 1910 1284 latitia
1953 1230 2145 1283 demon-

194 1315 454 1384 strandum
475 1355 488 1373 ,
530 1336 584 1370 ut
601 1318 694 1388 fid)
713 1333 816 1392 typo
837 1318 1032 1371 luminis
1071 1314 1320 1387 corporalis
1348 1352 1363 1373 ,
1402 1314 1490 1366 illa
1524 1313 1609 1366 lux
1633 1308 1930 1380 ostendatur,
1973 1309 2027 1361 de
2046 1323 2144 1378 qua

213 1397 261 1447 in
285 1394 545 1467 Evangelio
570 1397 749 1467 legitur
771 1437 781 1448 .
830 1396 951 1448 Erat
969 1394 1056 1446 lux
1083 1413 1206 1446 vera
1225 1430 1237 1449 ‚
1280 1411 1376 1463 quae
1398 1390 1640 1443 illuminat
1661 1389 1762 1447 &aa

369 1469 529 1525 Plane
552 1473 607 1524 in
639 1471 856 1544 templis
880 1469 1308 1523 Christianorum
1347 1461 1715 1522 vetustiffimus
1753 1460 1827 1516 est
1860 1479 2144 1516 cereorum

215 1545 335 1602 usus
365 1586 378 1604 ‚
421 1548 689 1623 multique
732 1550 911 1603 Patres
952 1547 1016 1601 de
1064 1567 1131 1602 eo
1166 1547 1560 1601 meminerunt.
1603 1541 1822 1596 Sanetus
1864 1537 2142 1593 Paullinus

214 1625 400 1681 Natali
431 1645 453 1680 1
471 1628 542 1681 11.
565 1628 628 1680 de
654 1623 835 1680 sancto
865 1624 1039 1679 Felice
1066 1625 1252 1699 inquit
1274 1663 1285 1675 .

531 1706 726 1758 Limina
750 1709 921 1757 ceratis
938 1703 1182 1756 adolentur
1204 1701 1341 1754 odora
1356 1704 1552 1774 papyris

533 1783 685 1837 Nofie
711 1783 876 1856 dieque
892 1786 1100 1836 micant:
1142 1779 1253 1834 hinc
1272 1798 1359 1835 nox
1366 1778 1673 1852 splendorque
1693 1777 1788 1830 diei

534 1863 707 1934 Fulget
728 1869 842 1919 &c-

218 1935 455 2013 Idipsum
495 1939 741 1994 occurrit
778 1939 940 1992 etiam
959 1935 1142 1992 Natali
1164 1952 1251 1992 v1.
1278 1934 1337 1988 &
1371 1931 1693 1988 Prudentius
1731 1931 1807 1985 ait
1850 1931 1904 1986 in
1928 1929 2150 2004 Hymno

219 2018 284 2073 de
310 2015 492 2072 sancto
512 2034 824 2073 LAVRENTIO
849 2058 860 2068 .

532 2098 783 2170 Argenteis
798 2095 985 2170 scyphis
996 2099 1170 2168 ferunt

615 2175 1372 2247 Fannaresacrunzjanguinenz,

616 2255 839 2324 Amoque
860 2290 875 2310 ,
915 2258 1156 2306 nobtzaernis
1166 2252 1323 2323 sacris

616 2330 952 2401 Adstarefixos
970 2349 1117 2384 cereos
1140 2331 1238 2388 ὄπ.

221 2410 466 2468 Alterius
488 2426 620 2464 vero
643 2407 852 2481 generis
893 2404 1310 2460 luminariorum
1332 2399 1492 2456 fidem
1518 2400 1732 2456 faciunt
1764 2399 1949 2455 multae
1988 2419 2144 2455 aeneae

220 2490 486 2549 lucernae,
529 2486 888 2562 plurimaeque
926 2481 1118 2539 fictiles
1154 2522 1168 2542 ‚
1212 2480 1366 2536 sacris
1411 2483 1571 2534 etiam
1614 2478 2029 2534 emblematibus
2074 2481 2158 2532 in-

222 2565 424 2641 fignitae
476 2606 490 2626 ,
550 2585 672 2640 quae
727 2562 1039 2637 frequenter
1083 2565 1141 2616 in
1192 2558 1507 2615 suburbanis
1557 2559 1885 2613 coemeteriis
1934 2570 2159 2631 repertae

223 2644 347 2700 sunt
370 2651 464 2712 [4]
488 2684 500 2702 ‚
544 2641 779 2719 quasque
818 2639 992 2695 adhuc
1030 2641 1259 2695 inveniri
1283 2638 1559 2710 contingit
1583 2675 1595 2695 ‚
1640 2635 1758 2688 aliis
1800 2637 2161 2689 coemeterio-

225 2744 345 2778 rum
389 2722 659 2777 cuniculis
704 2721 916 2775 noviter
954 2715 1184 2773 effoliis:
1229 2720 1294 2772 iis
1337 2732 1537 2770 etenim
1584 2713 1819 2768 lucernis
1863 2713 2153 2766 utebantur

229 2797 609 2856 Christifideles
648 2797 1029 2874 ingruentibus
1069 2794 1550 2873 persequutionum
1587 2790 1848 2867 procellis
1898 2831 1912 2852 ,
1968 2789 2159 2863 primis

2016 2864 2162 2920 vide-

291 2962 345 2996 (1)
375 2961 429 2993 De
455 2955 587 2992 ritibus
617 2955 762 3007 Ecclesia
793 2952 989 2993 catholica
1016 2954 1096 2990 Lib.
1129 2967 1164 2989 ιι
1243 2956 1318 3002 quit
1334 2959 1365 2988 S.
1382 2953 1606 2996 Hieronymus
1624 2949 1781 2986 adversus
1800 2949 2019 2993 Vigilantiam
2036 2968 2044 2977 .

239 3016 326 3058 Cap.
343 3024 383 3044 v1
398 3023 411 3044 1
430 3022 461 3044 ι.
476 3022 539 3054 pag
568 3022 631 3051 27.
1292 3013 1347 3047 (4)
1376 3003 1519 3037 Comme
1536 3003 1658 3036 tofi-am
1673 3024 1683 3038 ,
1702 3001 1900 3046 Aringhium
1918 3021 1928 3036 2
1945 3003 2161 3031 Ser-eranum-

283 3072 337 3105 (2)
370 3060 649 3098 AdMarc'llam
665 3062 840 3106 Epist-xx.
1241 3060 1435 3094 Fortunium
1459 3060 1619 3101 Lycetum
1636 3076 1646 3091 ,
1675 3053 1839 3087 castali-„uu
1862 3075 1871 3089 ,
1899 3054 1927 3084 &
1958 3051 2041 3084 alios
2062 3057 2166 3083 vete-⁴·

288 3122 344 3157 (3)
372 3115 562 3162 Originum
586 3114 662 3150 Lib.
676 3128 757 3151 vxi.
774 3118 862 3159 Caf·
875 3125 957 3151 κη.
987 3112 1082 3148 Idem
1107 3116 1162 3150 iri-
1243 3123 1315 3146 tum
1333 3107 1599 3143 christianorum
1615 3105 1967 3140 cimeliaillussrant-:s
1985 3126 1992 3132 η
