2550 3898
381 285 450 331 {32
977 280 1729 326 DISSERTATIO

380 371 503 408 cum
548 350 714 407 cereis
751 345 1024 404 funalibus
1069 362 1306 424 quatuor
1334 384 1347 405 ,
1393 341 1800 418 progredientes
1841 359 1965 398 cum
2002 360 2203 420 pompa
2228 346 2311 417 (1)

379 431 442 484 ad
461 433 570 499 ejus
596 429 778 483 AEdem
803 428 1117 504 Palis-pernae
1143 468 1157 488 ,
1200 424 1301 480 five
1340 424 1664 494 Panis-perna
1703 438 2068 496 nuncupatam
2091 434 2168 490 (2)
2193 463 2208 485 ,
2253 425 2311 479 in

380 511 576 563 Monte
604 505 865 562 Viminali
885 503 1032 562 fitam
1057 547 1071 568 ,
1113 508 1171 561 ὃς
1217 525 1246 560 a
1275 499 1592 576 Virginibus
1615 500 2122 555 Sanetimonialibus
2144 503 2312 556 Ordi-

376 590 457 640 nis
481 584 661 640 sandtae
680 583 852 639 Clarae
875 624 888 644 ,
916 604 974 640 ea
992 587 1340 640 veneratione
1365 620 1378 640 ‚
1404 598 1511 655 qua
1533 597 1628 652 par
1647 575 1721 631 est
1745 617 1758 637 ‚
1801 576 2004 631 cultam
2030 616 2042 635 ,
2066 579 2122 632 &
2143 581 2310 636 deco-

374 684 428 718 re
472 677 718 717 ornatam
741 705 751 715 .
796 660 1115 733 Hujusmodi
1137 660 1455 736 obsequium
1478 659 1735 711 Romanae
1761 656 1922 711 Urbis
1944 653 2308 713 Conservato-

375 761 456 796 res
479 740 738 797 exhibent
757 760 980 814 quoque
1013 741 1184 795 tribus
1225 738 1519 809 majoribus
1542 731 1771 788 Bafilicis
1797 773 1811 794 ,
1855 736 2128 788 Vaticanae
2151 773 2164 792 ‚
2206 738 2307 791 La-

368 815 622 874 teranenfi
642 859 657 880 ,
702 820 760 872 &
783 819 1079 874 Liberianae
1105 858 1120 879 ,
1164 814 1382 890 aliisque
1408 812 1688 868 nonnullis
1730 809 1969 867 Ecclefiis
2000 808 2308 884 insigniori-

365 897 465 951 bus
489 901 567 969 (3)
599 938 611 957 ‚
649 895 858 951 statutis
879 897 1100 951 decreto
1123 898 1341 950 Senatus
1370 892 1531 947 certis
1557 891 1694 945 infra
1716 910 1918 946 annum
1934 888 2205 963 aliquibus
2227 889 2304 945 fe-

372 973 462 1030 stis
485 975 672 1030 diebus
694 993 799 1048 pro
824 992 882 1028 ea
905 973 1187 1030 oblatione
1207 971 1452 1027 facienda
1473 1011 1484 1023 .

523 1050 749 1108 Fortaffe
775 1052 840 1107 de
861 1052 1043 1108 eadem
1081 1051 1223 1108 sacra
1245 1050 1371 1104 AEde
1410 1047 1575 1104 saneti
1601 1067 1904 1104 LAvRENTu
1932 1085 1944 1105 ‚
1987 1067 2107 1123 quae
2145 1062 2297 1103 vetu-

361 1127 573 1185 stiffima
595 1130 666 1188 est
687 1171 702 1192 ,
745 1130 998 1205 loquitur
1017 1130 1340 1190 Prudentius
1355 1129 1411 1183 in
1426 1130 1647 1202 Hymno
1667 1127 2025 1183 celeberrimo
2051 1129 2131 1198 (4)
2154 1165 2169 1189 ‚
2214 1128 2300 1181 ins

360 1210 550 1283 quiens
577 1254 587 1266 .

675 1290 723 1344 V
719 1294 893 1346 inatus
908 1290 1015 1346 olim
1038 1292 1264 1364 Pontifex

753 1371 954 1423 Accitur
972 1375 1021 1422 in
1034 1371 1227 1444 signum
1247 1369 1415 1421 Crucis
1435 1404 1450 1425 ,

762 1447 1045 1520 fidemque
1066 1463 1341 1501 LAVRENTI
1362 1460 1498 1498 tuam

754 1525 798 1576 V
796 1527 948 1592 estalis
974 1533 1125 1578 intrat
1145 1524 1351 1579 Claud—ia
1377 1525 1480 1583 ὠς.

357 1599 570 1656 Floruit
585 1613 763 1655 autern
805 1600 944 1654 idem
961 1600 1285 1654 Prudentius
1327 1596 1528 1652 saeculo
1557 1614 1643 1653 1v.
1682 1601 2022 1672 Imperatore
2044 1593 2308 1654 Theodo-

355 1675 429 1733 fio
454 1718 470 1741 ,
514 1698 673 1754 quem
699 1680 936 1732 Seniorem
956 1676 1238 1753 appellant
1256 1720 1268 1732 .

511 1755 772 1831 Equidem
816 1755 936 1811 heic
973 1756 1130 1812 locus
1179 1754 1252 1810 est
1281 1792 1296 1815 ‚
1339 1752 1504 1810 sacras
1532 1754 1687 1810 AEdes
1733 1757 1790 1810 in
1833 1753 2099 1810 honorem
2139 1752 2305 1810 sandti

357 1853 660 1891 LAvRENTu
683 1837 938 1909 Martyris
962 1854 1076 1890 Deo
1098 1835 1302 1889 dicatas
1333 1835 1355 1903 (
1395 1835 1548 1907 quod
1570 1850 1727 1889 antea
1749 1854 1849 1889 nos
1870 1830 2157 1908 promififfe
2187 1833 2304 1889 suc-

354 1915 603 1984 currit),
647 1913 884 1968 breviter
922 1912 1293 1967 memorandi.
1339 1912 1603 1985 Quinque
1646 1913 1764 1967 illas
1788 1914 1840 1965 in
1864 1912 2012 1967 Urbe
2051 1912 2298 1968 exstitisse

352 1989 547 2047 saeculo
568 2011 656 2048 vr.
677 1993 949 2046 memoriae
974 1989 1222 2065 prodidit
1264 1986 1470 2042 sand'tus
1491 1991 1793 2063 Gregorius
1822 1987 2148 2044 Turonensis
2172 1993 2299 2066 Epi-

352 2065 546 2145 scopus
570 2073 650 2140 (ς)
674 2109 690 2133 ,
730 2071 828 2147 qui
848 2069 1039 2126 eodem
1074 2066 1267 2124 saeculo
1291 2063 1483 2123 floruit
1508 2068 1798 2144 ,obiitque
1823 2072 1937 2140 (6).
1982 2069 2159 2123 Modo
2194 2089 2302 2124 no-

2177 2167 2297 2203 vem

405 2231 464 2269 [ι]
495 2231 652 2274 Pompam
685 2251 696 2266 ‚
725 2240 790 2274 qua
833 2230 1019 2274 procedunt
1047 2230 1147 2263 Almae
1174 2229 1278 2264 Urbis
1360 2226 1700 2272 pag·45.Videndus
1717 2228 1820 2260 etiam
1838 2226 1965 2262 Tobias
1981 2230 2141 2264 Corona,
2171 2226 2299 2272 Isacri

354 2281 622 2314 Conservatores
636 2301 648 2317 ,
668 2284 698 2313 &
714 2281 869 2314 ordinem
886 2293 984 2325 quem
1003 2282 1137 2314 servant
1155 2303 1165 2318 ‚
1182 2281 1280 2313 obla-
1363 2275 1482 2327 Tempj
1513 2275 1595 2320 ότι.
1624 2281 1727 2311 Parte
1750 2292 1784 2312 ι.
1815 2285 1900 2323 cap.
1934 2292 1995 2311 xxr
2014 2289 2072 2311 11.
2102 2281 2147 2311 cl.
2168 2279 2298 2311 Mabil..

353 2333 465 2365 tiones
480 2333 635 2377 argentei
652 2333 770 2365 calicis
788 2354 798 2367 ‚
824 2334 853 2364 δι
869 2344 1044 2365 cereorum
1071 2331 1111 2365 de
1127 2343 1217 2364 more
1232 2332 1280 2365 fa-
1361 2330 1471 2363 lonius
1499 2330 1539 2364 in
1568 2329 1699 2364 Itinere
1728 2328 1857 2365 Italico
1887 2341 1966 2377 pag.
1982 2339 2048 2364 82.
2071 2330 2197 2377 aliique
2227 2341 2295 2364 non

355 2385 440 2416 &uri
456 2406 466 2421 ‚
483 2383 711 2428 descripsimus
727 2384 760 2416 in
778 2382 1004 2417 illustratione
1020 2383 1121 2416 Aurei
1141 2383 1283 2416 Floreni
1363 2383 1469 2426 pauci
1488 2406 1498 2415 .

352 2438 484 2469 veteris
505 2439 603 2470 Parte
626 2437 723 2469 1v.in
738 2434 973 2469 additionibus
989 2437 1019 2469 &
1033 2434 1280 2469 emendationi·
1412 2437 1469 2475 (3)
1498 2432 1704 2469 Oblationes
1734 2457 1744 2472 ‚
1774 2445 1845 2481 quae
1878 2432 1953 2468 fieri
1982 2435 2090 2468 solent
2121 2446 2139 2468 a
2169 2436 2293 2470 Senatu

350 2485 413 2522 bus
432 2500 509 2533 pag.
530 2500 544 2529 ς
559 2497 616 2529 13.
634 2491 661 2520 8(
676 2500 711 2533 p.
730 2498 815 2529 5¹4·
1360 2487 1554 2532 populoque
1572 2489 1723 2520 Romano
1755 2487 1925 2520 nonnullis
1953 2488 1987 2519 in
2003 2486 2093 2521 Urbe
2106 2487 2264 2520 Ecclcfiis
2281 2510 2293 2525 ‚

406 2543 465 2580 [2]
496 2540 601 2581 Hujus
619 2539 774 2573 vocabuli
792 2550 885 2573 certa
901 2541 1001 2573 notio
1018 2540 1140 2573 multos
1157 2538 1282 2582 fatiga·
1363 2535 1498 2580 lingulis
1515 2540 1610 2571 annis
1629 2562 1639 2577 ,
1663 2538 1781 2572 tabula
1797 2539 1890 2572 edita
1906 2539 2118 2573 recensentur
2133 2560 2143 2575 ,
2162 2539 2296 2573 indica-

351 2592 639 2639 virzAntiquarios
656 2612 666 2623 .
681 2591 746 2625 Sed
762 2590 932 2625 fortaffisaea
950 2592 1183 2636 Qadratiano
1198 2593 1280 2624 Per·
1362 2588 1406 2620 tis
1420 2590 1582 2624 menfibus
1598 2613 1607 2627 ‚
1639 2602 1676 2624 ac
1691 2590 1807 2625 diebus
1824 2591 1979 2635 propriis
1998 2614 2007 2623 .

350 2655 459 2688 penna
475 2664 486 2680 ‚
516 2641 649 2688 ejusque
666 2643 807 2676 AEdibus
838 2655 958 2687 magno
988 2643 1092 2676 sumtu
1121 2644 1156 2675 in
1173 2655 1212 2676 ea
1228 2652 1280 2674 re-
1421 2648 1476 2683 (4)
1506 2645 1887 2677 ΠΕΡΙΣΤΕΦΑΝΩΝ
1902 2664 1912 2678 ,
1944 2641 2010 2675 five
2027 2642 2100 2675 Lib.
2118 2643 2172 2674 De
2187 2645 2293 2676 Coro-

349 2697 452 2739 gione
468 2695 549 2728 olim
581 2695 741 2728 excitatis
770 2706 889 2728 nomen
916 2694 961 2728 est
991 2694 1162 2729 deduCtum
1179 2717 1190 2732 ,
1220 2705 1280 2738 po·
1358 2695 1425 2731 nis.
1443 2696 1543 2738 Hym.
1556 2694 1599 2727 de
1617 2694 1721 2726 sane'to
1738 2704 1968 2727 LAVRENTxo.
1983 2694 2128 2738 stropha
2144 2706 2291 2729 cxxxu.

348 2747 415 2780 stra
432 2758 515 2780 vero
545 2747 699 2792 imperiti
726 2747 822 2791 vulgi
850 2747 997 2779 licentia
1022 2746 1244 2792 depravatum
1267 2765 1275 2774 ·
1411 2752 1466 2788 (s)
1498 2746 1549 2777 De
1564 2743 1748 2778 miraculis
1763 2742 1966 2778 Sanc't‘crum
1981 2741 2059 2787 &a
2092 2749 2129 2778 In
2159 2747 2290 2782 Codice

348 2800 506 2832 Meminit
523 2797 620 2840 hujus
641 2799 735 2831 sacrae
750 2799 845 2832 AEdis
861 2798 982 2832 sanetus
1000 2801 1188 2844 Gregorius
1206 2802 1279 2831 Ma·
1360 2811 1421 2833 MS.
1440 2795 1663 2831 Bibliothecae
1677 2797 1844 2830 Vaticanae
1860 2808 1947 2829 num.
1966 2806 2080 2838 4854.
2094 2799 2127 2830 in
2147 2796 2204 2830 fol
2225 2812 2291 2839 4¹·

348 2862 429 2893 gnus
446 2849 594 2896 Epistola
622 2863 704 2883 xxx.
728 2849 808 2883 Lib.
826 2864 838 2884 1
855 2854 906 2884 11.
934 2852 1099 2896 multique
1115 2851 1188 2884 sunt
1215 2849 1275 2895 qui
1357 2861 1454 2897 quem
1474 2850 1559 2882 citat
1578 2850 1800 2882 Floravantes
1820 2849 2033 2882 Martinellus
2047 2851 2081 2881 in
2097 2850 2151 2881 sua
2178 2852 2289 2886 Roma

348 2914 466 2946 putant
487 2902 551 2935 hoc
569 2903 638 2935 loci
659 2903 862 2947 Martyrium
882 2901 1012 2936 subiisse
1028 2902 1168 2936 semustum
1186 2913 1276 2936 ιΑν-
1356 2903 1536 2936 riccrcata
1563 2896 1643 2943 &a
1674 2901 1765 2935 Edit.
1783 2905 1902 2935 Venet-
1925 2906 2021 2941 1664
2064 2903 2097 2934 in
2116 2903 2174 2933 80·
2205 2913 2285 2948 pag.

349 2966 519 2987 «fxi-ivm
537 2974 548 2986 .
578 2957 630 2986 Ita
648 2955 797 2987 scribunt
826 2956 982 2988 octavius
1000 2955 1228 2990 Pancirolus,
1256 2953 1280 2984 I
1359 2966 1450 2988 ιω-
1478 2951 1587 2985 Nobis
1617 2964 1728 2985 tamen
1755 2974 1765 2988 ‚
1799 2952 1984 2996 diligenter
2016 2952 2149 2998 quaesito
2176 2954 2253 2986 loco
2271 2976 2282 2992 ,

349 3004 464 3047 Tefhri
492 3003 635 3052 nascosti
660 3004 742 3039 nell’
756 3004 854 3040 alma
869 3003 977 3040 Cittlz
1004 3004 1041 3039 di
1061 3007 1170 3039 Roma
1185 3001 1263 3046 &a
1343 3018 1409 3040 non
1435 3005 1538 3037 licuit
1555 3005 1590 3036 in
1605 3004 1723 3037 eodem
1740 3004 1871 3037 Codice
1890 3024 1900 3040 ,
1931 3016 2001 3049 quae
2016 3004 2133 3050 prodit
2152 3006 2253 3039 Marti
2266 3025 2280 3032 ἓ

345 3068 419 3100 pag.
434 3065 521 3096 426.
551 3058 739 3091 Franciscus
759 3059 868 3090 Maria
885 3059 1087 3102 anrigius3
1118 3057 1166 3089 Le
1192 3053 1262 3102 cosle
1341 3060 1451 3092 neilus
1467 3078 1478 3093 ‚
1508 3057 1657 3100 reperire
1674 3078 1683 3088 .

342 3106 592 3155 mam-vigliose
617 3106 697 3145 clell‘
727 3106 824 3143 alma
850 3106 954 3146 cited
981 3107 1021 3144 di
1047 3110 1156 3145 Roma
1181 3103 1258 3150 (γε.
1395 3115 1450 3149 (6)
1484 3111 1580 3142 Anno
1593 3111 1678 3143 AErae
1691 3105 1859 3143 cristianae
1873 3118 2077 3147 nuxxxxzv.
